2644 3978
364 417 693 529 QUAE
737 414 1296 528 QUINTO
1338 415 1759 508 TOMO
1808 416 2292 508 CONTI-

1018 540 1120 629 Ν
1133 538 1634 630 ENTUR.

2261 621 2354 666 Pag.

222 679 625 731 Astronomiae
644 682 988 731 instauratae
1008 676 1368 729 Mechanica
1388 676 1559 741 (1598)
1566 718 2146 731 .................
2270 681 2423 732 1-162

222 750 291 802 In
317 749 469 802 Solis
496 757 552 802 et
577 750 764 802 Lunae
792 754 989 800 motus
1015 750 1309 800 restitutos
1336 763 1405 800 ac
1431 763 1685 813 sequens
1711 750 1989 802 Diarium
2014 751 2149 802 Pro-

291 820 603 886 legomena
624 819 798 884 (1598)
816 859 2147 873 ......................................
2193 821 2422 875 163-189

221 891 532 957 specimen
551 891 743 943 Diarii
764 893 909 942 anni
928 890 1057 942 1599
1078 889 1252 954 (1598)
1281 931 2146 944 .........................
2193 893 2421 946 191-195

221 962 642 1028 Ephemerides
662 961 814 1014 Solis
835 976 1133 1013 annorum
1154 961 1438 1014 1586-1592
1460 1002 2004 1014 ................
2019 1004 2040 1023 ,.
2066 1005 2075 1014 .
2101 1004 2111 1014 .
2137 1005 2146 1015 .
2194 964 2422 1017 197-213

221 1034 452 1087 Calculi
471 1035 622 1086 varii
640 1033 716 1085 ad
737 1032 1110 1098 corrigendas
1130 1032 1348 1085 orbitas
1368 1032 1743 1098 planetarum
1779 1074 2147 1087 ...........
2186 1035 2422 1088 215-289

364 1105 406 1158 Ῑ.
434 1105 527 1157 De
546 1110 715 1157 motu
735 1103 887 1157 Solis
908 1102 1082 1168 (1584)
1107 1144 2148 1157 ..............................
2317 1107 2422 1159 217

338 1176 407 1228 11.
435 1175 529 1228 De
549 1174 892 1240 obliquitate
913 1174 1208 1239 Eclipticae
1230 1174 1404 1239 (1600)
1422 1216 2146 1228 .....................
2318 1177 2423 1230 228

307 1247 404 1299 ΙΙΙ.
434 1246 667 1300 Calculi
687 1246 763 1299 ad
784 1246 1128 1311 corrigenda
1148 1246 1441 1298 elementa
1461 1246 1667 1299 orbitae
1688 1246 1925 1299 Saturni
1960 1288 2148 1299 ......
2317 1249 2423 1301 230

310 1318 406 1371 IV.
434 1318 527 1370 De
547 1317 856 1370 latitudine
876 1317 1252 1382 planetarum
1280 1358 2146 1371 .........................
2317 1320 2422 1373 257

336 1389 405 1442 V.
431 1388 664 1441 Tabula
683 1388 1006 1441 latitudinis
1026 1388 1239 1440 Martis
1245 1429 2147 1442 ..........................
2317 1391 2421 1444 275

310 1460 407 1512 VI.
435 1460 529 1512 De
550 1460 746 1512 Marte
768 1459 943 1524 (1585)
958 1500 2147 1513 ..................................
2317 1462 2423 1515 276

280 1531 404 1584 VII.
431 1530 663 1583 Tabula
683 1533 1126 1596 oppositionum
1146 1531 1359 1583 Martis
1391 1572 2147 1584 ......................
2317 1533 2422 1586 289

219 1602 649 1655 Commentarii
668 1601 1042 1667 geographici
1065 1643 2146 1656 ...............................
2186 1604 2421 1656 291-313

363 1674 405 1726 1.
432 1672 665 1726 Tabula
683 1673 897 1726 insulae
918 1673 1159 1725 Huenae
1173 1714 2145 1727 ............................
2316 1675 2420 1728 293

333 1745 403 1798 ΙΙ.
431 1744 890 1798 Observationes
910 1744 1318 1810 geographicae
1352 1785 2146 1798 .......................
2316 1746 2421 1799 294

306 1816 403 1869 ΙΙΙ.
433 1816 891 1869 Observationes
904 1815 1182 1880 quaedam
1194 1818 1608 1868 astronomicae
1619 1816 1837 1869 habitae
1849 1832 2010 1869 anno
2022 1817 2150 1870 1589
2316 1817 2415 1869 301

309 1888 404 1939 IV.
433 1887 809 1940 Examinatio
830 1887 1313 1940 observationum
1333 1902 1469 1952 quae
1489 1890 1554 1939 in
1569 1888 1805 1940 Prussia
1823 1887 1992 1940 factae
2013 1894 2149 1940 sunt

502 1974 664 2010 anno
684 1959 813 2012 1584
817 1999 2146 2011 ......................................
2316 1960 2420 2012 305

335 2030 404 2082 V.
432 2030 854 2095 Longitudines
875 2036 930 2082 et
948 2029 1287 2082 latitudines
1308 2031 1578 2081 locorum
1601 2071 2146 2082 ................
2316 2031 2420 2083 309

217 2101 653 2154 Annotationes
673 2101 925 2153 Editoris
958 2141 2145 2154 ..................................
2185 2102 2420 2155 315-343

358 3409 403 3444 44
