2638 3952
97 1139 139 1174 10

98 1526 139 1561 15

95 1911 141 1946 20

96 2296 142 2331 25

328 343 334 349 „
400 298 1013 352 ASTRONOMIAE
1041 299 1607 353 INSTAURATAE
1634 301 2183 354 MECHANICA
2326 303 2394 354 59

188 438 269 482 nis
295 440 386 482 aut
413 441 631 482 ornatus
658 438 823 494 gratia
850 439 1148 494 applicatae,
1177 451 1244 483 ex
1269 439 1383 494 ipsa
1404 439 1717 495 figuratione
1738 439 2009 495 diligenter
2034 440 2254 484 intuenti
2275 441 2394 484 satis

188 518 385 572 patent.

258 592 426 636 VSVS
449 592 604 648 huJus
625 592 821 648 Organi
841 592 912 637 est
931 592 984 636 in
1005 593 1346 637 observandis
1367 592 1609 636 Siderum
1634 592 1728 651 (uti
1748 593 1874 650 dixi)
1892 596 2006 637 tam
2027 594 2395 639 Declinationi-

189 671 287 714 bus
320 682 482 725 quam
508 670 908 714 Ascenfionibus
939 668 1108 714 rectis.
1145 670 1284 714 Nam
1317 671 1604 715 convoluta
1631 669 1851 714 Armilla
1884 670 2111 724 DNMP,
2146 683 2270 715 cum
2304 672 2394 715 suo

188 748 302 791 Axe
326 747 506 790 versus
533 747 670 790 fidus
697 747 1060 791 denotandum
1086 747 1368 791 trahuntur
1393 748 1434 791 δι
1459 747 1801 791 retrahuntur
1825 747 1878 791 in
1904 750 1967 791 ea
1992 748 2147 803 ipsius
2167 748 2396 792 Pinnaci-

188 825 291 876 dia,
319 825 490 868 donec
506 823 658 879 juxta
678 823 986 878 Cylindrum
1007 824 1052 868 G
1071 827 1184 868 tam
1205 826 1360 880 supra
1381 837 1544 880 quam
1564 824 1701 868 infra
1721 825 2042 880 paralleliter
2061 825 2214 869 Sidus
2235 826 2396 880 quod-

186 902 266 946 vis
292 901 620 946 collineetur:
647 904 870 956 tumque
894 901 1064 957 ipsum
1089 901 1451 958 pinnacidium
1477 901 1530 944 in
1556 902 1818 946 exteriore
1842 901 2039 945 lamina
2061 901 2395 946 Orichalcica

188 979 330 1034 apud
360 978 650 1022 Divifiones
679 978 1102 1023 Declinationem
1132 980 1407 1034 quaefitam
1439 979 1638 1034 pandit.
1673 979 1733 1022 In
1762 980 1928 1022 altera
1958 990 2087 1023 vero
2118 982 2210 1022 aut
2236 979 2396 1023 trans-

186 1056 374 1100 versali
397 1055 643 1099 trahatur
662 1056 984 1100 conveniens
1010 1056 1372 1111 pinnacidium
1391 1056 1444 1099 in
1465 1056 1701 1111 aliquam
1721 1056 1955 1108 Stellam,
1985 1056 2134 1100 cuius
2154 1057 2395 1101 Ascenfio

187 1131 332 1177 recta
352 1132 562 1188 cognita
582 1132 653 1176 est
673 1135 829 1177 antea
849 1133 1217 1188 undecunque,
1240 1134 1281 1176 ἃ
1300 1134 1563 1188 reliquum
1586 1133 1964 1189 pinnacidium,
1995 1134 2138 1188 quod
2161 1133 2396 1177 maxime

188 1210 605 1255 accommodum
632 1209 804 1263 fuerit,
835 1221 931 1266 per
957 1210 1119 1254 alium
1146 1210 1558 1255 observatorem
1583 1210 1752 1268 (Duos
1778 1210 1920 1254 enim
1948 1211 2016 1254 fic
2044 1211 2142 1255 esse
2170 1211 2397 1267 oportet)

186 1288 431 1332 trahatur
461 1287 513 1330 in
545 1287 790 1342 quamvis
823 1287 984 1331 aliam
1018 1287 1234 1340 stellam,
1272 1288 1443 1333 donec
1470 1300 1535 1332 ea
1566 1288 1728 1332 etiam
1757 1288 2002 1343 utrinque
2029 1287 2098 1331 ad
2123 1287 2294 1331 Axem
2321 1288 2398 1331 In-

188 1365 458 1410 strumenti
472 1368 735 1409 cernatur.
754 1365 932 1409 Postea
946 1369 1254 1410 numeretur
1266 1366 1436 1410 Arcus
1451 1365 1718 1409 ambobus
1731 1365 2044 1421 pinnacidijs
2058 1365 2395 1421 interceptus,

188 1443 276 1498 qui
305 1442 674 1487 Differentiam
698 1443 1123 1487 Ascenfionalem
1153 1443 1434 1486 Stellarum
1465 1442 1693 1495 exhibet,
1724 1455 1847 1498 quae
1877 1442 2057 1487 addita
2085 1444 2169 1486 vel
2199 1442 2394 1495 ablata,

188 1523 345 1576 prout
359 1518 547 1564 due‘tus
560 1520 792 1575 requirit,
807 1519 1107 1564 Ascenfioni
1119 1519 1280 1564 redtae
1295 1519 1521 1576 cognitae
1535 1519 1770 1575 ignotam
1785 1523 1944 1564 antea
1957 1519 2223 1576 patefacit.
2247 1520 2396 1564 Idem

189 1598 330 1642 effici
366 1597 547 1653 potest,
584 1598 620 1640 fi
651 1597 874 1640 Armilla
906 1597 1334 1641 Declinationum
1366 1597 1610 1641 firmetur
1640 1597 1693 1641 in
1724 1598 1845 1642 loco
1877 1597 2202 1642 Arcenfionis
2234 1596 2394 1640 recstae

189 1675 431 1731 cognitae,
462 1675 503 1717 81
525 1675 678 1731 juxta
705 1674 845 1718 hanc
876 1674 1019 1718 stella
1046 1678 1175 1719 nota
1203 1678 1467 1727 cernatur,
1499 1675 1540 1718 δι
1568 1674 1778 1718 interim
1809 1675 1876 1719 ab
1906 1674 2010 1719 alio
2039 1675 2284 1718 trahatur
2310 1674 2396 1717 ali-

189 1753 334 1808 quod
358 1751 784 1808 pinnacidiorum
809 1752 863 1795 in
889 1751 1107 1795 Armilla
1131 1751 1466 1807 AEquatoria‚
1495 1752 1666 1796 donec
1694 1752 1837 1796 circa
1862 1753 2034 1796 Axem
2061 1752 2217 1804 stella,
2246 1752 2395 1807 cujus

188 1830 430 1874 Alcenfio
445 1827 590 1873 recta
605 1828 873 1884 quaeritur,
890 1829 1206 1874 collimatur.
1221 1830 1366 1873 Tunc
1382 1830 1522 1873 enim
1536 1829 1680 1873 idem
1694 1829 2054 1885 pinnacidium
2066 1829 2120 1873 in
2134 1829 2394 1873 exteriore

189 1908 374 1963 lymbo
395 1906 708 1961 AEquatoris
735 1908 984 1963 angulum
1006 1908 1283 1962 quaefitum
1304 1907 1437 1950 citra
1456 1907 1623 1950 ullam
1644 1907 1968 1950 additionem
1989 1908 2073 1950 vel
2095 1905 2395 1950 subtractio-

308 1995 433 2028 nem
453 1983 680 2027 exhibet.
709 1983 971 2036 Quorsum
991 1996 1120 2029 vero
1142 1984 1447 2028 conducant
1467 1983 1858 2028 Declinationes
1878 1984 1919 2027 ἃ
1939 1984 2276 2028 Ascenfiones

429 2060 600 2105 Rec‘tae
620 2061 864 2104 Siderum
890 2061 987 2105 rite
1009 2059 1312 2117 perspectae,
1339 2061 1381 2104 81
1407 2073 1571 2115 quam
1592 2060 1760 2105 facilis
1780 2061 1839 2104 lit
1858 2073 1925 2104 ex
1944 2060 2026 2104 his
2044 2064 2159 2104 tam

546 2138 907 2194 Longitudinis
927 2150 1091 2193 quam
1112 2138 1424 2182 Latitudinis
1443 2138 1738 2182 eorundem
1758 2137 2037 2190 derivatim

665 2218 860 2259 norunt
871 2215 921 2271 ij,
935 2215 1025 2270 qui
1037 2215 1090 2259 in
1097 2215 1462 2259 Astronomica
1474 2215 1716 2259 Palaestra
1731 2215 1922 2259 versati

810 2293 943 2336 sunt:
967 2292 1008 2335 81
1027 2304 1126 2336 nos
1147 2292 1271 2337 alibi
1289 2292 1351 2336 V.
1374 2292 1437 2336 D.
1459 2292 1512 2336 id
1532 2304 1781 2348 compen-

1012 2369 1154 2414 diose
1173 2369 1572 2425 explicabimus.

335 3450 379 3486 ⁸*
2012 3450 2395 3503 ARMILLAE
