2638 3952
96 1059 138 1094 10

96 1415 138 1450 15

95 2839 141 2874 35

613 397 765 452 Sive
783 397 890 452 ille
908 399 1103 451 latam
1132 397 1490 451 Teutboniae
1508 396 1755 460 incolat,

619 470 735 523 Vel
758 468 980 523 Galliae
1001 483 1193 532 oram,
1207 467 1320 535 seu
1343 472 1596 522 veteres
1618 468 1870 533 Quados

752 540 1248 607 Bobemiamque
1269 540 1332 593 dr
1345 541 1838 593 Marcomannos

753 610 1159 679 Hesperiaeve
1181 611 1506 678 utriusque
1525 625 1752 678 regna:

622 682 846 736 Votiva
860 685 1090 751 gratus
1110 682 1393 736 carmina
1406 680 1477 748 se
1498 682 1609 735 tibi

611 754 859 808 Debere
879 753 1057 807 dicet.
1081 753 1245 807 dicet
1263 753 1519 806 amabili

753 826 985 879 Paeane
1006 828 1067 879 te
1079 823 1294 892 passim
1302 824 1612 893 juventus

753 896 1005 949 Vraniae
1017 894 1213 962 studio
1234 896 1298 950 dr
1311 894 1575 962 Matbefi

610 969 874 1021 Devota.
894 969 1059 1020 Nam
1080 970 1141 1021 te
1158 967 1416 1021 liberior
1433 969 1588 1021 duce

613 1039 913 1107 Stagyrae
932 1041 1256 1092 alumnum
1269 1038 1547 1106 plurima
1561 1037 1871 1106 perpetim

763 1107 1025 1173 Victum,
1048 1108 1349 1176 tradidisse
1370 1110 1634 1173 chartis;

753 1181 957 1235 Multa
977 1185 1188 1236 tamen
1210 1196 1452 1249 quoque
1471 1179 1740 1248 nesciisse

611 1251 1006 1320 Dijudicabit.
1027 1253 1378 1321 Proijciens
1399 1255 1584 1307 vetus

619 1323 960 1378 Glaucoma
981 1339 1103 1392 quo
1113 1323 1185 1391 se
1195 1323 1520 1392 segnities,
1544 1326 1717 1378 velut

754 1395 1110 1450 A'utoritate
1128 1394 1517 1462 fascinatam,

755 1468 825 1519 In
848 1470 1133 1521 veterum
1146 1467 1404 1535 placitis
1426 1469 1646 1520 tuetur.

615 1537 970 1603 Quinimmo
991 1541 1291 1606 quotquot
1301 1538 1667 1607 praecipites
1685 1537 1847 1591 lucri

613 1609 770 1678 Agit
787 1609 1026 1677 cupido,
1046 1610 1408 1678 navifi‘agis
1426 1613 1628 1663 ratem

761 1681 1160 1735 Committere
1180 1682 1380 1744 undis,
1404 1682 1468 1735 ἄ
1488 1681 1749 1736 Guineae

756 1752 1092 1806 Auriferos
1104 1751 1338 1820 petiisse
1358 1750 1616 1807 tractus:

616 1823 815 1889 Quem
835 1822 1141 1890 Lusitanis
1159 1824 1254 1878 ire
1275 1824 1635 1878 triremibus

613 1894 719 1947 Ad
738 1894 1017 1949 Calecuti
1034 1895 1181 1949 ditis
1201 1898 1552 1948 aromatum

755 1968 999 2030 PortuS,
1020 1966 1086 2019 in
1107 1982 1382 2034 eoosque
1406 1966 1640 2020 Chinas

759 2037 1165 2102 Ouinzaidem
1184 2040 1577 2105 Iaponesque
1597 2038 1780 2106 cogit.

614 2109 736 2162 Hic
754 2107 884 2176 ipse
905 2107 1084 2163 ductu
1106 2110 1250 2162 dum
1269 2109 1500 2163 melius
1521 2112 1626 2163 tuo

616 2180 952 2234 Scrutatur
968 2178 1126 2246 astra
1147 2181 1211 2234 ἅ
1218 2196 1341 2248 per
1354 2195 1533 2234 mare
1552 2181 1785 2234 certior

755 2252 1065 2315 Decurrit,
1087 2251 1306 2320 ignoto
1326 2250 1580 2317 vetustis

765 2322 1051 2386 Tramite,
1074 2324 1218 2376 dum
1238 2322 1502 2377 meritas
1519 2323 1756 2376 laboris

620 2394 814 2449 Grato
834 2395 1118 2448 elocutus
1135 2409 1460 2448 murmure
1473 2394 1726 2462 gratias

623 2465 754 2518 Tibi
769 2465 1082 2533 rependit;
1108 2467 1259 2519 Tum
1277 2465 1551 2519 Daniam
1573 2481 1814 2533 quoque

756 2538 1045 2590 Honorat
1061 2537 1363 2600 altricem,
1384 2537 1511 2590 imo
1530 2539 1825 2590 matrem:

766 2609 847 2662 Te
864 2608 1142 2675 loquitur
1156 2608 1541 2671 FRIDerice‚
1564 2610 1812 2676 Regum

615 2681 836 2748 Longo
853 2679 1194 2733 micantem
1206 2678 1510 2748 syrmate:
1537 2681 1618 2734 Te
1639 2679 1810 2733 canit

615 2749 850 2816 Fovisse
869 2765 1071 2818 regno
1089 2749 1239 2818 (non
1254 2751 1543 2819 genitum
1561 2753 1712 2804 Iove

767 2821 1171 2890 Tyrinthium,
1193 2822 1444 2876 cervice
1464 2822 1646 2890 cujus

758 2893 1032 2946 Firmior
1047 2893 1190 2947 axis
1211 2897 1472 2961 uterque
1489 2893 1707 2947 mundi

616 2964 920 3032 Pependit
938 2964 1100 3027 olim,
1125 2979 1268 3018 cum
1286 2967 1502 3032 Iapeto
1512 2964 1692 3032 satus

617 3034 859 3100 Det'essa
871 3033 1062 3101 solvit
1079 3038 1241 3089 colla
1262 3034 1525 3102 vicario)

760 3107 886 3160 Ast
901 3108 1071 3160 hunc
1092 3107 1199 3174 qui
1214 3106 1612 3174 inobservata
1624 3105 1675 3173 f
1649 3122 1816 3175 gna
1839 3107 1903 3160 ὅ(

761 3179 1108 3245 Perpetuos
1119 3176 1247 3244 Jine
1266 3180 1411 3247 Iege
1432 3178 1605 3232 certa

618 3248 946 3302 Fraenavit
963 3250 1163 3303 orbes,
1188 3249 1310 3315 Oui
1318 3248 1554 3317 super
1527 3265 1756 3331 ign-eas

618 3317 935 3374 Devec‘tus
955 3335 1141 3374 arces
1162 3321 1407 3374 dotibus
1426 3321 1659 3389 ingeni,

397 255 1005 311 ASTRONOMIAE
1032 255 1595 308 INSTAURATAE
1623 255 2170 308 MECHANICA
2293 257 2384 308 157

2067 3384 2396 3453 Conspexit
