2638 3952
240 264 333 316 156
453 262 1067 315 ASTRONOMIAE
1093 262 1659 315 INSTAURATAE
1686 264 2234 319 MECHANICA

243 410 445 499 AD
476 408 830 498 VERE
871 406 1662 499 ILLUSTREM
1701 409 1790 498 &
1826 409 2588 504 GENERO-H⁵v

363 533 563 594 SUM
592 532 901 593 VIRUM
929 531 1476 592 TYCHONEM
1507 532 1981 595 BRAHEUM
2012 536 2172 596 DN.
2203 537 2327 597 DE

548 622 1052 683 KNUDSTRUP,
1080 622 1665 675 ASTRONOMUM
1691 623 2140 679 PRINCIPEM.

698 706 864 759 ODE
890 705 1280 758 TRICOLOS
1305 705 1993 761 TETRASTROPHOS.

646 863 736 903 es„
996 829 1355 884 OMANUS
1372 829 1519 883 olim
1540 831 1684 883 dum
1707 830 1977 886 tumidos
2003 831 2197 887 Getas
2497 854 2519 889 5

570 902 576 907 ’
808 905 902 984 29
990 899 1244 967 Infestat
1262 900 1476 964 armiS,
1498 904 1609 954 aut
1624 916 1802 955 mare
1821 903 2162 967 Ponticum,

833 1010 863 1045 '-
882 1003 948 1044 sb
1140 972 1528 1041 Gangenque
1546 972 1748 1036 miles,
1768 972 1957 1040 inque
1977 976 2224 1030 Moedos

581 1076 584 1078 -
651 1079 702 1112 ,μὴ
814 1064 816 1067 ·
841 1066 875 1080 *-
893 1049 952 1116 1⁵²1ss
1134 1046 1286 1097 Fert
1304 1043 1552 1111 aquilas
1573 1044 1637 1097 ἅτ
1650 1047 1837 1097 acuta
1850 1044 2009 1112 pila:

580 1117 581 1120 ’
751 1124 797 1210 312>
860 1147 902 1173 s
992 1116 1179 1168 Nullo
1193 1117 1515 1182 potentem
1528 1112 1692 1180 stare
1712 1115 1814 1168 diu
1833 1117 1972 1170 loco

963 1227 965 1229 .
994 1186 1321 1239 strinxere
1342 1185 1553 1239 divam
1574 1188 1886 1254 compede,
1908 1202 1990 1242 ne
2010 1187 2184 1243 feros
2500 1209 2543 1244 10

680 1206 902 1325 Visens
928 1258 1217 1320 Gelonos,
1243 1260 1353 1310 aut
1361 1256 1595 1324 sagitta

676 1328 1054 1397 Conspicuos
1072 1328 1328 1381 inimica
1348 1329 1644 1381 Parthos:

531 1403 706 1455 Ludo
723 1400 1014 1468 insolenti
1030 1399 1271 1453 ferret
1245 1416 1311 1451 111
1333 1400 1611 1462 arduum,

541 1471 741 1539 Versis
762 1473 844 1525 ad
857 1472 1050 1525 imam
1071 1469 1422 1524 Romulidis
1439 1472 1659 1523 rotam.

676 1543 784 1597 Sic
803 1543 1012 1596 ferreo
1032 1541 1292 1609 alligata
1314 1541 1522 1594 vinclo
1543 1541 1607 1595 ἂ
2501 1564 2543 1599 1⁵

673 1614 1065 1682 Praepetibus
1086 1612 1341 1666 viduata
1354 1612 1589 1680 pennis

542 1684 821 1748 Vidtoria,
847 1685 992 1739 olim
1017 1683 1352 1751 Cecropios
1370 1685 1544 1737 lares

537 1755 756 1811 Coac‘ta
775 1756 950 1810 t'ovit.
975 1755 1130 1821 Quis
1158 1755 1340 1823 Tyrio
1357 1757 1573 1808 Iovem

677 1826 912 1893 Stetisse
932 1826 1129 1894 nescit
1147 1826 1473 1894 alligatum

679 1899 1001 1967 Compede,
1017 1912 1376 1966 purpureas
1397 1899 1480 1951 ad
1496 1897 1689 1952 aras?
2498 1920 2544 1956 20

533 1971 729 2024 Livor
747 1985 1061 2024 venenum
1083 1968 1398 2023 tabificum
1417 1969 1658 2022 intimis

536 2043 816 2109 Serpens
835 2041 1142 2103 medullis,
1165 2038 1383 2094 cuneta
1396 2038 1507 2106 fibi
1515 2039 1740 2107 serens

675 2113 781 2166 Nil
799 2112 985 2166 alteri
986 2128 1007 2175 ;
1027 2109 1268 2177 coeleste
1287 2126 1521 2165 numen

675 2182 839 2249 Posse
861 2184 985 2237 coli
995 2185 1266 2251 populos
1279 2198 1402 2250 per
1419 2197 1640 2237 omnes

533 2255 777 2309 Invidit.
800 2256 889 2308 At
905 2270 1031 2308 non
1051 2254 1259 2307 Dania
1278 2254 1555 2307 Balthici
2500 2277 2547 2315 25

537 2328 821 2394 Superba
841 2326 1175 2380 traenatrix
1184 2325 1405 2394 pelagi
1423 2327 1672 2379 cluens:

676 2399 816 2451 Non
836 2398 946 2451 illa
966 2397 1283 2465 (quamvis
1291 2394 1533 2465 justiori

686 2471 765 2523 Te
778 2472 1032 2536 poterat
1050 2466 1300 2533 tenuisse
1321 2467 1530 2521 vinclo

538 2540 589 2595 Ο
618 2538 916 2606 TYCHO)
937 2541 1189 2593 tandem
1218 2539 1616 2592 Teuthonicis
1637 2539 1775 2592 dari

533 2611 765 2664 Invidit
784 2611 929 2665 oris.
960 2612 1044 2664 Tu
1058 2610 1288 2678 patriae
1309 2613 1435 2663 tuae
2501 2633 2548 2668 30

675 2684 919 2736 Nomen
933 2683 1360 2749 perennandO,
1377 2696 1499 2748 per
1515 2696 1737 2735 omnes

681 2752 1088 2820 Conspicuum
1113 2752 1376 2806 volitare
1391 2755 1624 2820 gentes

538 2825 780 2878 Sollers
801 2822 1033 2889 dedisti:
1056 2823 1356 2890 Quisquis
1376 2823 1545 2877 enim
1567 2826 1671 2877 tuo

533 2894 732 2949 Dudtu
754 2895 1036 2949 eruditus
1050 2910 1173 2962 per
1193 2909 1358 2963 vaga
1371 2893 1571 2961 sidera

682 2967 956 3034 Coelique
975 2965 1352 3020 inextricata
1373 2967 1683 3032 quondam
2500 2983 2549 3019 3⁵

676 3039 917 3106 Regna,
941 3039 1157 3091 oculos
1177 3037 1581 3104 animumque
1603 3037 1821 3091 voluit:

535 3111 617 3162 Et
623 3107 865 3177 justiori
883 3108 1132 3162 tramite
1154 3107 1386 3162 certior

534 3178 839 3248 Designet,
863 3179 1088 3247 ecquid
1105 3179 1363 3233 terrifici
1380 3179 1594 3233 ferant

677 3253 914 3304 Mundo
938 3252 1234 3305 Cometae:
1255 3250 1395 3317 quis
1408 3253 1697 3318 polorum

681 3322 778 3375 Sit
789 3321 1036 3389 posituS,
1061 3322 1430 3388 varientque
1451 3321 1608 3374 fata:
2501 3338 2548 3374 40

2300 3391 2454 3446 Sive
