2638 3952
651 269 1182 322 RESTITUTOS
1209 269 1882 324 PROLEGOMENA
2276 273 2366 324 187

170 413 314 466 fium
342 415 509 465 certis
536 412 740 465 diebus
766 413 985 464 abesset.
1018 412 1105 463 Fit
1132 418 1332 463 autem
1360 415 1623 465 maxima
1653 414 1911 465 deuiatio
1942 414 2015 465 ab
2045 414 2166 478 ipso
2194 414 2367 466 Coelo

170 484 490 548 nostrisque
512 484 810 544 Numeris,
832 483 1072 547 quando
1091 482 1263 534 Luna
1281 483 1479 535 media
1500 484 1575 535 est
1595 486 1745 535 inter
1770 489 1816 542 0‘
1842 491 1896 535 et
1921 488 2075 544 [Iram
2095 488 2365 549 primam,

169 558 334 608 iuxta
359 553 768 620 octogonicum
793 554 963 614 latuS,
990 553 1066 605 ad
1092 556 1352 618 primum
1377 564 1435 607 54
1466 555 1772 607 accedens:
1802 555 1870 606 Et
1895 555 2089 619 postea
2116 558 2281 607 iuxta
2308 560 2362 615 Δ

168 629 507 691 proximum
534 623 594 692 00
621 625 1019 685 decrescend0‚
1048 625 1208 689 quod
1235 628 1413 677 etiam
1439 626 1759 690 utrobique.
1778 628 1840 676 in
1866 625 2236 689 Alphonfina
2262 643 2368 678 nu-

98 715 120 749 ⁵
169 699 495 750 metatione
514 697 698 748 ferme
717 699 934 761 pariter
952 695 1007 747 se
1027 695 1219 748 habet.
1241 696 1354 748 Vbi
1371 703 1571 749 autem
1589 695 1934 749 differentiae
1952 696 2048 748 hae
2065 698 2368 757 excedunt,

91 773 120 816 ἢ·
169 768 268 821 uel
294 767 588 829 deficiunt,
618 767 802 819 literae
829 767 888 818 P.
916 766 1015 818 uel
1042 766 1127 818 M.
1155 767 1504 832 praescriptae
1532 767 1844 820 insinuant.
1877 767 1946 819 Et
1975 770 2122 831 quis,
2155 769 2369 832 quaes0,

167 839 482 904 suspicatus
501 838 681 891 fuisset
699 845 927 890 tantam
946 841 1010 890 in
1029 844 1281 902 utroque
1302 837 1415 891 hoc
1437 838 1665 891 calculo
1686 841 1839 890 circa
1855 846 2084 890 motum
2098 846 2219 890 tam
2235 855 2369 890 con-

167 911 348 976 spicui
362 910 595 970 SideriS,
616 910 905 974 nobisque
925 911 1197 974 proximi,
1220 909 1272 960 &
1291 909 1526 975 singulis
1547 909 1849 962 Menfibus
1871 912 1932 960 in
1953 909 2156 961 orbem
2177 925 2369 961 reuer-

167 984 361 1042 tentis;
388 982 643 1046 ideoque
670 980 1176 1033 obseruationibus
1196 980 1454 1033 crebrius
1476 988 1530 1033 et
1549 983 1878 1045 promptius
1904 983 2155 1045 patentis
2176 997 2212 1033 a
2233 981 2368 1033 Coe-

78 1071 121 1106 ιο
168 1053 287 1105 lesti
313 1054 526 1105 norma
550 1052 731 1105 latere
758 1050 1229 1104 aberrationem?
1255 1067 1390 1116 quae
1415 1052 1692 1118 Syzygias
1720 1067 1856 1104 cum
1880 1051 2015 1104 Sole
2043 1051 2196 1104 ultra
2223 1052 2371 1104 duas

168 1124 347 1176 horas
375 1124 542 1176 aliter
569 1139 751 1188 quam
775 1123 970 1175 ferunt
996 1122 1254 1174 consueti
1275 1123 1528 1175 Numeri
1549 1123 1800 1176 Coelitus
1827 1138 2263 1187 nonnunquam
2285 1126 2369 1174 in-

168 1196 341 1247 ducit.
364 1195 589 1259 Quinta
606 1194 887 1247 columna
903 1194 1301 1246 Latitudinem
1319 1195 1506 1247 Lunae
1522 1210 1559 1246 a
1572 1195 1743 1246 nobis
1756 1194 1957 1245 sedulo
1972 1210 2045 1245 ex
2059 1194 2180 1258 ipso
2197 1194 2370 1246 Coelo

168 1266 554 1319 adinuentam
574 1269 837 1318 numeris
856 1267 1088 1330 promit,
1109 1267 1191 1317 ita
1210 1271 1274 1316 ut
1293 1268 1518 1330 primus
1533 1266 1679 1318 ordo
1696 1265 1951 1326 GraduS‚
1973 1265 2119 1317 alter
2133 1266 2372 1317 Minuta

169 1341 482 1398 contineat,
510 1338 723 1402 quibus
751 1352 823 1389 ea
847 1336 946 1388 uel
971 1339 1034 1388 in
1059 1337 1313 1388 Boream
1339 1337 1438 1388 uel
1463 1339 1527 1389 in
1546 1337 1825 1389 Austrum
1851 1336 1924 1388 ab
1953 1336 2263 1400 Eccliptica
2289 1337 2370 1387 di-

78 1427 120 1462 1⁵
169 1416 434 1475 uagatur,
456 1424 638 1473 quam
657 1414 885 1473 partem
903 1410 1072 1460 tertia
1092 1405 1374 1460 distind‘tio
1395 1408 1676 1468 discernit,
1698 1408 1771 1460 fic
1791 1414 1854 1459 ut
1874 1407 2043 1459 litera
2060 1407 2113 1460 S.
2134 1407 2371 1472 Septen-

167 1480 499 1541 trionalem,
530 1480 616 1531 M.
644 1479 1105 1532 Meridionalem
1133 1485 1316 1539 notet;
1347 1478 1449 1531 ubi
1479 1479 1663 1531 literae
1690 1480 1762 1531 A.
1790 1479 1889 1531 uel
1918 1479 1992 1530 D.
2024 1479 2243 1542 ubique
2273 1479 2371 1530 ad-

169 1550 383 1604 iunctae
403 1551 643 1617 fignant,
665 1551 906 1615 quando
922 1550 1093 1602 Luna
1106 1550 1477 1602 latitudinem
1491 1549 1646 1603 hanc
1660 1551 1760 1602 uel
1773 1550 1938 1601 illam
1952 1556 2164 1614 augeat
2178 1549 2370 1601 ascen-

169 1623 380 1684 dend0,
407 1622 507 1675 uel
531 1625 847 1674 imminuat
873 1621 1291 1674 descendendo.
1320 1622 1496 1674 Sexta
1521 1622 1763 1674 demum
1787 1627 1841 1673 et
1864 1621 2074 1673 ultima
2094 1620 2373 1672 columna

61 1705 112 1747 15
122 1714 143 1732 v
168 1696 379 1760 prioris
393 1693 572 1746 huius
586 1696 836 1759 paginae,
852 1692 1243 1746 differentiam
1258 1688 1279 1761 ΙΙ
1293 1695 1599 1758 utriusque
1614 1692 1823 1745 calculi
1838 1708 1874 1744 a
1887 1692 2079 1744 nostra
2093 1692 2306 1744 reform
2313 1708 2371 1744 a·

74 1783 120 1818 20
167 1769 328 1818 tione
348 1768 411 1817 in
430 1765 738 1817 latitudine
753 1765 941 1816 Lunae
962 1764 1037 1816 ob
1059 1764 1262 1816 oculos
1282 1767 1470 1828 ponit;
1492 1767 1670 1816 unica
1688 1764 1890 1816 saltem
1910 1763 2052 1815 serie
2074 1771 2370 1822 contenta;

170 1853 241 1889 eo
268 1837 428 1901 quod
453 1843 576 1889 tam
597 1836 964 1901 Copernicus
991 1851 1174 1899 quam
1193 1835 1533 1900 Alphonsus
1561 1835 1910 1888 Latitudinis
1930 1835 2117 1886 Lunae
2143 1840 2373 1886 motum

170 1915 347 1973 atque
375 1914 667 1960 extremos
692 1907 905 1959 limites
931 1923 968 1959 a
994 1906 1318 1958 Ptolomaeo
1344 1909 1561 1971 pariter
1585 1909 1839 1959 mutuati
1864 1906 1986 1966 fint,
2017 1905 2284 1970 nihilque
2311 1908 2374 1957 in

168 1979 261 2032 his
282 1995 355 2031 ex
375 1981 626 2045 proprijS
647 1977 1152 2030 obseruationibus
1174 1978 1557 2030 emendarint.
1574 1978 1743 2030 Vnde
1764 1977 1843 2038 fit,
1865 1984 1928 2029 ut
1949 1977 2201 2029 eandem
2220 1992 2372 2041 pene

168 2051 393 2115 semper
412 2050 672 2103 habeant
686 2050 1099 2109 Latitudinem,
1122 2049 1227 2101 nifi
1247 2056 1540 2114 quatenus
1561 2049 1861 2101 diuerfitas
1880 2051 1943 2100 in
1963 2048 2371 2113 Longitudine,

75 2141 120 2175 25
170 2129 226 2174 et
253 2121 530 2174 nonnihil
559 2124 736 2174 etiarn
766 2124 829 2173 in
858 2120 1030 2173 nodis
1059 2120 1494 2185 aliquantulam
1523 2120 1914 2172 differentiam
1946 2118 2044 2171 hic
2072 2119 2372 2184 suggerere

168 2196 394 2259 poterit,
422 2208 558 2258 quae
577 2199 779 2245 tamen
798 2194 1118 2257 perexigua
1138 2191 1228 2252 est,
1258 2198 1312 2243 et
1338 2207 1448 2243 nos
1468 2192 1734 2243 medium
1753 2194 1904 2243 inter
1923 2190 2296 2255 Alphonsum
2318 2196 2372 2241 et

170 2265 572 2329 Copernicum
591 2263 774 2316 ferme
798 2263 1017 2328 ubique
1043 2265 1411 2323 retinuimuS,
1439 2278 1559 2327 quo
1586 2265 1764 2315 unica
1788 2262 1931 2314 serie
1957 2261 2219 2313 uitandae
2245 2277 2372 2325 per-

168 2335 460 2401 plexitatis
493 2337 696 2396 caussa‚
736 2335 850 2387 hoc
885 2337 1196 2399 negocium
1231 2337 1559 2399 promptius
1591 2333 2005 2386 absolueretur.
2045 2332 2373 2384 Discrimen

170 2413 371 2460 autem
389 2410 736 2466 maximum,
759 2406 919 2471 quod
938 2405 1036 2457 hic
1056 2407 1241 2470 ingeri
1260 2405 1454 2470 potest,
1479 2408 1711 2457 tertiam
1732 2405 1972 2457 Gradus
1991 2410 2219 2468 partem
2239 2405 2370 2455 asse-

75 2495 121 2530 30
171 2481 385 2543 quitur,
405 2478 583 2543 idque
602 2477 974 2530 solummodo
995 2479 1058 2528 in
1084 2474 1206 2537 [1¹5⁵
1226 2476 1354 2528 fieri
1373 2476 1567 2541 potest.
1583 2476 1760 2538 Juxta
1779 2475 2095 2527 nouilunia
2115 2481 2169 2526 et
2188 2474 2371 2539 pleni-

169 2550 337 2602 lunia
365 2565 511 2602 uero
540 2552 643 2601 uix
671 2548 930 2601 sensibile
961 2548 1057 2600 est:
1089 2547 1471 2613 Deprehendi
1501 2550 1660 2599 enim
1689 2550 1752 2599 in
1778 2547 1950 2599 Luna
1975 2546 2372 2598 Latitudinem

169 2623 512 2682 maximam,
541 2636 677 2673 cum
703 2635 867 2672 noua
893 2626 995 2672 aut
1019 2619 1197 2684 plena
1223 2619 1313 2679 est,
1344 2621 1626 2684 attingere
1654 2618 1728 2671 G.
1751 2619 1800 2670 4.
1828 2618 1914 2670 M.
1936 2617 2021 2670 58.
2051 2617 2210 2681 quod
2238 2633 2373 2668 cum

170 2692 528 2745 Ptolemaica
552 2691 852 2757 politione,
881 2706 1062 2755 quam
1083 2706 1291 2742 omnes
1311 2689 1620 2754 hucusque
1642 2689 1851 2754 posteri
1876 2691 2259 2748 retinuerunt,
2286 2690 2371 2739 in-

169 2770 260 2815 tra
284 2763 426 2816 bina
451 2763 690 2815 Minuta
717 2762 1049 2815 concordat.
1079 2762 1159 2813 At
1185 2762 1344 2826 apud
1375 2764 1508 2822 [1τειε
1534 2763 1740 2813 inueni
1768 2776 1918 2820 eam,
1947 2775 2082 2812 cum
2109 2759 2183 2811 est
2208 2762 2373 2811 iuxta

75 2851 122 2886 ³⁵
170 2834 417 2886 limitem
449 2835 709 2886 Boreum
746 2841 922 2898 atque
954 2832 1313 2893 Austrinum,
1353 2833 1733 2897 diuagantem
1771 2831 1845 2884 ab
1884 2831 2196 2895 Eccliptica
2232 2831 2290 2882 P.
2322 2831 2371 2882 5.

171 2906 258 2957 M.
281 2906 353 2958 18.
374 2911 439 2957 ut
458 2905 521 2957 fit
540 2904 923 2957 interuallum
943 2907 1249 2968 utriusque
1269 2906 1454 2956 tertiae
1473 2906 1654 2968 partis
1680 2902 2208 2968 (quemadmodum
2229 2901 2371 2964 dixi)

93 2981 122 3023 *1-
171 2979 350 3029 unius
372 2976 628 3029 Gradus.
655 2977 852 3040 Atque
879 2976 1008 3027 haec
1033 2975 1231 3039 quoad
1256 2978 1467 3040 prioris
1493 2977 1726 3040 paginae
1752 2974 1963 3026 faciem
1986 2973 2059 3024 fic
2079 2973 2373 3024 declarata

171 3047 356 3100 sunto,

242 3118 446 3171 Altera
457 3134 599 3170 mox
611 3134 647 3171 a
659 3119 874 3171 dextris
888 3117 1240 3182 subsequens
1254 3117 1409 3169 hanc
1423 3117 1906 3169 dilucidationem
1919 3117 2178 3179 requirit,
2192 3130 2372 3178 quam

77 3206 132 3240 ⁴0·
172 3205 331 3241 nunc
351 3189 788 3255 subiungemus:
817 3190 1014 3241 Prima
1033 3189 1314 3241 columna
1332 3188 1621 3253 bipartita,
1644 3203 1779 3252 quae
1800 3189 2024 3239 caeteris
2047 3186 2152 3250 (uti
2173 3184 2371 3247 antea)

171 3260 425 3322 inseruit,
438 3262 561 3313 dies
574 3261 840 3313 eiusdem
851 3259 1070 3312 Menfis
1081 3260 1402 3312 secundum
1413 3262 1719 3323 utriusque
1729 3258 2065 3322 Calendarij
2079 3257 2370 3308 Numera-

171 3334 394 3384 tionem
415 3335 687 3384 continet.
710 3331 912 3395 Quare
933 3330 1045 3383 hac
1063 3331 1271 3383 indicis
1291 3331 1423 3382 loco
1443 3346 1547 3394 per
1560 3330 1615 3381 se
1630 3328 1844 3390 relidta,
1867 3327 2371 3447 quemadmodun}

314 3414 382 3448 24⁸¹
2318 3412 2347 3447 e
