2638 3952
262 245 332 297 90
478 241 1088 296 ASTRONOMIAE
1115 240 1681 294 INSTAURATAE
1707 240 2258 293 MECHANICA

263 382 489 426 robustae
516 382 659 425 circa
686 382 835 425 suum
861 382 1111 425 Centrum
1142 382 1284 436 apud
1308 382 1353 424 A
1378 381 1431 423 in
1455 380 1607 424 tereti
1633 380 1774 424 ferro
1800 379 1940 431 forti,
1971 379 2225 434 posterius
2253 380 2394 434 apud
2421 380 2466 423 G

262 467 499 509 firmato:
532 465 929 509 sustentantibus
958 465 1120 508 etiam
1148 464 1316 519 ipsum
1345 464 1567 507 limbum
1597 463 1806 507 duobus
1832 462 2093 517 capreolis
2122 463 2281 517 paulo
2312 462 2466 517 supra

263 549 522 600 foramen,
556 548 645 591 ubi
678 548 749 591 est
780 547 1060 603 plumbum
1091 547 1467 602 perpendiculi,
1503 546 1787 601 adaptatis;
1822 547 1883 589 Et
1912 546 1966 588 id
1999 546 2141 589 hunc
2175 557 2386 600 quoque
2414 545 2468 588 in

263 631 430 683 usum,
460 634 518 674 ut
542 634 716 674 totum
743 631 1124 683 Quadrantem,
1157 631 1370 684 quando
1399 630 1740 682 attolleretur,
1768 629 1853 672 vel
1880 622 2279 684 deprimeretur,
2310 631 2468 683 prout

264 714 493 769 exigeret
514 714 826 765 observatio,
857 714 925 756 ad
946 714 1255 757 columnam
1278 713 1445 767 ipsam
1467 711 1610 756 arcte
1631 712 2003 768 constringeret
2023 713 2064 755 81
2085 711 2373 765 cohiberet,
2401 723 2468 755 ne

266 798 355 841 suo
375 798 610 852 pondere
630 796 903 848 recideret,
927 799 1215 851 antequam
1237 796 1616 840 observationis
1637 795 1934 840 numeratio
1949 793 2166 851 peracta
2179 794 2331 839 foret.
2354 794 2469 849 Ipsa

265 892 393 924 vero
420 881 671 924 columna
696 879 943 923 inferiore
970 879 1043 922 sui
1069 882 1220 934 parte
1242 879 1294 922 in
1319 880 1554 934 quadam
1577 879 1916 923 subterranea
1937 877 2191 923 structura
2210 877 2467 929 XYSPK,

264 963 581 1007 firmabatur
608 966 766 1018 atque
793 963 1229 1015 convolvebatur,
1258 962 1330 1005 ita
1355 965 1412 1005 ut
1437 962 1621 1005 infima
1648 962 1722 1005 sui
1747 965 1898 1017 parte
1922 961 2244 1014 acuminata,
2273 961 2314 1004 ἃ
2339 961 2471 1004 Cha-

265 1046 423 1102 lybea
437 1047 589 1102 juxta
604 1046 650 1088 K
664 1046 717 1089 in
734 1046 995 1090 foramine
1017 1045 1270 1089 substrato
1291 1045 1525 1101 eJusdem
1545 1045 1754 1097 formae‚
1776 1045 2027 1089 facillime
2048 1044 2471 1089 circumducere—

264 1133 365 1182 tur,
398 1129 627 1173 rotundo
655 1128 887 1183 superius
913 1128 1175 1172 foramine
1202 1128 1468 1172 conoidali
1497 1128 1639 1183 apud
1668 1128 1837 1183 ipsum
1864 1129 2283 1183 circumquaque
2310 1127 2470 1172 conti—

266 1216 438 1263 nente,
460 1224 524 1255 ne
546 1212 668 1255 hinc
689 1211 810 1255 inde
825 1211 1114 1263 vacillaret,
1138 1212 1223 1254 sed
1243 1211 1439 1266 ubique
1457 1214 1571 1255 tam
1591 1212 1700 1267 ipsa
1721 1213 1988 1264 columna,
2011 1223 2175 1266 quam
2189 1211 2471 1263 Quadrans

266 1296 337 1339 illi
361 1296 626 1339 inhaerens
652 1294 1103 1349 circumageretur
1127 1294 1180 1337 in
1207 1295 1387 1338 omnia
1407 1295 1741 1338 verticalium
1767 1297 1941 1350 plana.
1971 1292 2361 1338 Circumdud’tio
2385 1306 2473 1337 au-

265 1382 375 1422 tem
396 1379 462 1422 de
483 1380 587 1432 qua
608 1379 813 1432 loquor,
835 1377 999 1421 fiebat
1018 1389 1113 1432 per
1133 1377 1415 1421 manubria
1436 1378 1624 1430 QOIN
1646 1378 1686 1420 81
1706 1378 1811 1433 ipse
1827 1378 2109 1430 Quadrans
2127 1378 2217 1423 suo
2236 1377 2472 1433 pondere

266 1462 520 1505 immotus
550 1460 717 1504 stabat
745 1461 797 1503 in
828 1472 1145 1515 quocunque
1174 1461 1334 1515 plano
1365 1472 1499 1516 opus
1529 1464 1657 1505 erat.
1693 1461 1751 1504 Id
1779 1473 1909 1506 vero
1937 1465 2128 1514 totum,
2163 1461 2307 1516 quod
2335 1459 2474 1503 infra

266 1543 547 1587 manubria
568 1543 814 1595 cernitur,
838 1544 1145 1598 Crypticum
1166 1547 1296 1595 erat,
1324 1544 1365 1587 δι
1391 1544 1616 1588 firmiter
1635 1544 2087 1600 compaginatum,
2116 1547 2275 1599 atque
2294 1543 2474 1599 lapidi-

266 1628 379 1678 bus,
409 1630 524 1669 tam
549 1626 686 1669 infra
713 1639 876 1681 quam
903 1626 1242 1682 undiquaque
1269 1626 1532 1671 fulcitum:
1564 1639 1669 1682 quo
1699 1630 1870 1671 totam
1900 1627 2210 1671 machinam
2240 1626 2473 1682 superius

265 1713 535 1754 extantem
565 1720 629 1752 eo
659 1709 863 1753 firmius
893 1710 1174 1761 sustineret,
1206 1712 1364 1765 atque
1393 1722 1460 1754 ne
1489 1710 1611 1754 hinc
1641 1710 1763 1755 inde
1793 1711 2182 1763 distraheretur,
2215 1710 2471 1754 firmaret.

266 1793 582 1836 Confistebat
608 1792 749 1836 enim
774 1792 884 1847 ipsa
905 1793 1156 1836 machina
1178 1793 1268 1837 sub
1291 1793 1400 1837 dio:
1430 1794 1663 1849 Ideoque
1682 1794 1853 1838 ventis
1874 1795 1914 1837 8ι
1934 1794 2138 1851 inJuriae
2160 1794 2297 1838 aeris
2316 1804 2475 1849 expo·
2500 1832 2501 1835 ,

264 1877 357 1918 fita
378 1878 505 1919 erat.
526 1876 820 1931 Tegebatur
839 1875 1180 1920 nihilominus
1205 1877 1499 1931 praesertim
1525 1878 1578 1920 in
1602 1878 1692 1921 sua
1712 1877 2158 1930 circumferentia,
2186 1889 2253 1922 ne
2279 1876 2473 1920 limbus

264 1958 590 2002 Divisionum
613 1958 885 2014 quidpiam
907 1962 1123 2014 caperet
1142 1960 1457 2004 detrimenti.

334 2041 508 2085 USUS
535 2042 646 2097 ejus
673 2042 1007 2087 solummodo
1034 2042 1087 2085 in
1112 2043 1485 2087 Altitudinibus
1517 2046 1631 2088 tam
1658 2044 1793 2088 Solis
1820 2056 1984 2099 quam
2013 2044 2339 2099 reliquorum
2366 2045 2474 2087 Pla-

262 2128 508 2168 netarum
539 2125 921 2169 accuratissime
951 2126 1283 2170 dimetiendis
1311 2126 1429 2170 fuit:
1463 2127 1537 2170 ita
1562 2130 1620 2171 ut
1647 2127 1786 2171 intra
1815 2128 2018 2172 sextam
2047 2127 2234 2171 minuti
2261 2130 2472 2182 partem

263 2208 505 2251 denotari
524 2208 707 2263 posset;
730 2209 894 2253 modo
916 2209 1219 2253 collimator
1238 2209 1562 2266 diligentiam
1579 2211 1882 2265 requisitam
1897 2211 2187 2255 adhiberet.
2209 2211 2291 2254 Ad
2307 2222 2470 2266 quam

264 2291 629 2346 praecifionem
649 2292 738 2335 vix
759 2292 1107 2336 antecessores
1126 2292 1285 2336 nostri
1310 2305 1549 2348 unquam
1575 2297 1950 2349 pervenerunt;
1979 2294 2102 2338 licet
2127 2295 2355 2339 eandem
2380 2293 2474 2336 mi-

266 2375 482 2418 noribus
512 2375 675 2418 etiam
705 2375 915 2431 organis
945 2375 1032 2419 sed
1061 2375 1165 2420 alio
1195 2377 1515 2432 compendio
1545 2376 1851 2421 fabrefactis
1876 2378 2055 2432 postea
2082 2377 2294 2421 assecuti
2320 2376 2474 2421 fueri-

268 2470 402 2502 mus.
426 2459 558 2502 Cum
578 2470 707 2502 vero
727 2459 961 2503 Altitudo
983 2459 1243 2514 capienda
1261 2459 1415 2512 foret,
1439 2459 1728 2504 adhibebat
1749 2460 2074 2505 Observator
2093 2462 2310 2505 oculum
2324 2460 2477 2516 Juxta

269 2541 631 2595 pinnacidium
651 2542 720 2585 ad
741 2542 804 2594 D,
833 2543 874 2585 81
898 2541 952 2585 in
978 2543 1146 2586 altero
1174 2542 1426 2586 anteriori
1446 2543 1599 2587 Sidus
1624 2543 1936 2597 rimabatur,
1966 2545 2256 2588 attollendo
2281 2544 2365 2587 vel
2393 2543 2478 2587 de-

270 2624 548 2679 primendo
574 2628 747 2668 totum
774 2625 1155 2678 Quadrantem,
1184 2626 1355 2670 donec
1380 2626 1433 2669 id
1459 2627 1695 2681 praestari
1721 2627 1898 2683 posset.
1929 2627 1982 2670 Si
2005 2639 2136 2671 vero
2163 2627 2477 2671 decliviores

270 2707 444 2750 forent
465 2708 779 2760 altitudines,
809 2708 958 2752 scalis
979 2720 1113 2764 opus
1134 2712 1262 2760 erat,
1288 2721 1383 2764 per
1403 2721 1536 2764 quas
1557 2710 1868 2755 observator
1887 2711 2213 2763 ascenderet;
2242 2721 2477 2765 moxque

271 2789 450 2834 relie‘ta
469 2791 692 2834 immota
712 2792 964 2835 machina
977 2792 1210 2835 Altitudo
1227 2793 1444 2846 quaefita
1458 2793 1610 2848 juxta
1630 2793 1781 2837 filum
1801 2794 2163 2849 perpendiculi
2180 2794 2234 2836 in
2254 2794 2478 2837 circum-

272 2873 491 2917 ferentia
512 2874 917 2918 monstrabatur.
939 2875 1111 2930 Atque
1131 2875 1250 2919 haec
1273 2876 1450 2929 quoad
1471 2875 1734 2920 fabricam
1753 2877 1795 2920 81
1815 2878 1967 2920 usum
1988 2876 2320 2922 Instrumenti
2340 2875 2476 2920 suffi-

273 2956 429 3000 ciant.

344 3040 395 3082 Si
422 3040 537 3094 quis
562 3040 799 3095 pleniora
826 3053 921 3096 per
940 3041 1360 3085 circumstantias
1379 3042 1611 3097 requirit,
1639 3042 1869 3087 inveniet
1889 3055 1952 3087 ea
1971 3043 2025 3086 in
2045 3043 2477 3099 Progymnasma-

271 3125 387 3165 tum
406 3123 703 3167 nostrorum
716 3124 885 3168 Tomo
906 3125 1078 3179 primo
1095 3137 1127 3168 a
1141 3124 1332 3180 pagina
1350 3125 1452 3169 353.
1469 3126 1698 3180 usquein
1710 3126 1814 3169 359.
1839 3127 1979 3170 Nam
1992 3126 2304 3170 Altitudines
2317 3137 2476 3170 novae

274 3205 448 3258 stellae,
475 3209 590 3249 tum
616 3206 777 3250 etiam
805 3208 1140 3262 quarundam
1168 3208 1393 3251 aliarum
1416 3220 1511 3263 per
1530 3210 1759 3252 eandem
1779 3209 2088 3254 machinam
2110 3222 2142 3253 a
2161 3220 2477 3265 praememo·

273 3292 391 3332 rato
421 3290 652 3333 Domino
681 3291 840 3334 Paulo
872 3290 1146 3335 Hainzelio
1178 3291 1396 3335 Consule
1427 3291 1480 3334 in
1512 3292 1618 3336 mei
1649 3293 1874 3348 gratiam
1907 3293 2191 3346 denotatae,
2225 3293 2267 3336 81
2297 3292 2476 3348 postea

2327 3376 2478 3430 mun

2523 1134 2566 1170 10

2526 1551 2569 1586 15

2522 1967 2569 2003 20

2521 2384 2568 2419 25

2524 3216 2571 3251 35
