2638 3952
103 1151 145 1186 10

98 1509 141 1544 15

95 1865 142 1900 20

97 2221 143 2256 25

401 289 1012 343 ASTRONOMIAE
1038 289 1605 343 INSTAURATAE
1632 292 2182 376 MEQHANICA
2340 296 2395 347 13

723 434 1285 590 EXPLICATK}
1303 435 1728 497 FABRICAE
1755 437 1870 497 ET

1176 530 1238 590 V
1290 530 1415 590 VS.

380 656 383 657 ⁷
477 692 500 697 ν
528 629 613 705 Ὅ)
664 642 983 687 UADRANS
1010 654 1118 686 non
1143 642 1305 696 usque
1332 643 1468 686 adeo
1496 654 1720 698 magnus
1748 646 1870 687 ante
1896 644 2152 699 plurimos
2176 658 2345 691 annos
2366 659 2397 690 a

352 700 375 710 '
490 708 520 725 “
600 704 614 722 ²
663 714 816 758 nobis
837 712 1162 758 constructus
1182 713 1268 766 est,
1297 716 1361 757 ea
1388 714 1580 766 forma,
1610 726 1732 769 quae
1755 714 1842 759 hic
1864 715 2162 760 exhibetur:
2186 728 2215 759 e
2236 717 2398 761 solida

663 785 907 829 constans
927 785 1125 828 lamina
1146 785 1481 829 Orichalcica
1502 785 1848 838 crassiuscula,
1871 786 2075 831 habens
2095 790 2127 830 a
2149 787 2338 832 Centro
2353 789 2398 831 A

332 903 334 905 ,
588 904 590 906 ,
663 857 733 900 ad
765 856 1252 900 circumferentiam
1286 856 1426 899 BDC
1459 857 1696 900 cubitum
1735 869 1918 900 unum.
1959 858 2115 913 Isque
2148 859 2293 903 omni
2326 860 2400 902 sui

270 943 273 945 >
304 978 306 981 y
371 917 444 986 -ἓ-ῤ]
474 970 478 972 .
508 904 622 1000 &K
662 931 813 983 parte
845 927 1120 971 inauratus
1148 927 1276 971 Auri
1307 928 1626 983 hydrargyri
1659 929 1699 971 ἃ
1731 928 1861 984 ignis
1895 929 2171 982 beneficio,
2203 933 2262 973 ut
2291 931 2400 985 pul-

340 998 342 1001 ’
582 998 596 1000 ”
666 998 846 1043 chrior
873 999 914 1042 ἃ
944 999 1193 1044 mundior
1221 1003 1453 1052 maneat,
1483 1011 1591 1044 non
1618 1000 1880 1044 obnoxius
1908 1000 1985 1056 ijs,
2018 1013 2140 1055 quae
2166 1001 2401 1045 Orichal-

194 1083 320 1116 cum
345 1071 476 1114 alias
502 1071 593 1114 nili
620 1071 758 1125 saepe
783 1071 1083 1122 mundetur,
1112 1071 1390 1115 successive
1417 1071 1698 1123 contrahit,
1725 1071 2150 1126 inquinamentis.
2180 1073 2400 1116 Limbus

194 1143 306 1199 ejus
326 1142 557 1187 exterior
575 1142 717 1185 BDC
738 1141 1024 1186 subdivisus
1044 1142 1115 1186 est
1134 1142 1338 1197 vulgari
1359 1142 1542 1186 saltem
1567 1142 1773 1186 ratione
1798 1143 1851 1185 in
1876 1142 1949 1187 90.
1971 1146 2165 1198 partes,
2194 1144 2235 1187 δι
2262 1156 2402 1198 quae-

193 1214 318 1258 libet
347 1214 541 1257 harum
573 1213 749 1257 rursus
780 1213 834 1256 in
869 1213 937 1256 12.
968 1213 1040 1256 ita
1072 1216 1130 1256 ut
1161 1213 1281 1257 haec
1311 1213 1587 1257 subdivisio
1621 1214 1815 1269 singula
1848 1213 2009 1269 quina
2041 1214 2278 1258 ostendat
2309 1215 2402 1258 mi-

193 1288 337 1330 nuta.
366 1286 509 1329 Intra
535 1285 675 1329 hanc
696 1285 767 1329 est
788 1285 891 1329 alia
911 1285 1164 1339 quaedam
1184 1284 1472 1328 distributio
1494 1297 1657 1340 quam
1677 1286 1856 1328 Petrus
1879 1285 2116 1329 Nonnius
2138 1285 2400 1341 Hispanus

196 1356 607 1401 Mathematicus
628 1355 942 1400 Clarissimus
968 1356 1021 1399 in
1047 1356 1260 1399 Erudito
1289 1356 1379 1399 suo
1405 1356 1580 1400 libello
1604 1356 1669 1399 de
1691 1356 2016 1411 Crepusculis
2040 1357 2270 1409 tradidit,
2298 1357 2401 1401 exi-

190 1428 404 1472 stimans
441 1439 564 1472 eam
597 1440 630 1471 a
660 1427 947 1471 Ptolemaeo
987 1427 1114 1471 olim
1151 1428 1460 1482 usurpatam
1498 1427 1656 1471 fuisse.
1698 1427 1854 1479 Quod
1890 1430 2073 1471 tamen
2108 1427 2199 1471 vix
2235 1428 2400 1471 fidem

189 1503 438 1543 meretur.
467 1499 547 1543 Est
573 1502 754 1542 autem
779 1499 914 1551 talis,
939 1502 998 1542 ut
1024 1499 1288 1542 ducantur
1311 1498 1449 1542 intra
1475 1501 1776 1542 extremum
1803 1498 2169 1551 Quadrantem
2197 1499 2279 1555 alij
2308 1499 2401 1542 mi-

190 1582 348 1615 nores
374 1582 598 1614 numero
625 1570 698 1613 44.
728 1570 1005 1614 successive
1032 1570 1136 1614 sese
1163 1570 1499 1614 comitantes:
1530 1581 1760 1625 quorum
1787 1570 2014 1614 extimus
2041 1570 2094 1614 in
2120 1570 2192 1614 89.
2221 1574 2399 1626 partes

191 1642 262 1686 est
281 1642 616 1686 dividendus:
645 1642 866 1696 sequens
885 1642 938 1685 in
958 1641 1030 1685 88.
1051 1642 1236 1685 tertius
1254 1641 1308 1684 in
1329 1641 1386 1685 87
1396 1654 1407 1694 ;
1431 1641 1472 1684 81
1492 1642 1560 1685 fic
1582 1641 1846 1696 deinceps,
1874 1642 2046 1686 donec
2067 1642 2136 1685 ad
2155 1642 2399 1685 ultimum

191 1714 232 1756 ἃ
251 1713 497 1756 intimum
517 1716 832 1768 perventum
852 1712 1023 1765 fuerit,
1046 1713 1135 1768 qui
1153 1712 1226 1756 46.
1246 1712 1516 1768 portiones
1535 1712 1766 1757 habebit.
1789 1713 2260 1765 Quemadmodum
2280 1714 2399 1757 haec

190 1787 460 1839 utcunque
473 1785 527 1827 in
539 1784 654 1839 ipsa
668 1784 982 1840 figuratione
996 1784 1455 1840 repraesentantur.
1479 1785 1671 1840 Regula
1686 1784 1797 1840 ejus
1813 1784 1907 1827 DA
1921 1784 2084 1828 habet
2099 1784 2400 1839 pinnacidia

191 1856 334 1911 apud
358 1856 404 1898 A
431 1856 472 1898 δι
498 1856 545 1898 D
571 1856 775 1911 vulgari
804 1856 968 1900 modo
997 1859 1187 1911 parata
1213 1867 1338 1899 cum
1365 1855 1736 1899 foramInibus:
1771 1855 1892 1899 licet
1923 1854 2157 1899 inferiori
2188 1856 2329 1911 apud
2355 1856 2400 1898 A

189 1939 577 1982 nonnunquam
602 1927 811 1970 rimulae
838 1926 1093 1982 applicari
1116 1927 1302 1982 possint
1320 1928 1591 1982 parallelae
1612 1926 1880 1982 superiori,
1909 1938 2060 1970 more
2087 1926 2283 1971 nostro:
2313 1927 2401 1970 sic·

192 2010 294 2054 que
314 1998 522 2042 facilior
541 1999 582 2042 8ι
603 1996 840 2042 exadtior
858 1998 974 2041 fieri
991 1998 1296 2042 collimatio.
1318 1998 1754 2054 Perpendiculum
1768 1997 1905 2041 EFG
1919 2010 1951 2040 a
1965 1997 2236 2053 posteriori
2249 2001 2400 2053 parte

191 2069 521 2125 appenditur,
550 2072 608 2113 ut
637 2070 748 2126 ejus
774 2069 1034 2113 beneficio
1061 2070 1425 2124 cognoscatur,
1458 2069 1671 2124 quando
1699 2068 1980 2121 Quadrans
2006 2069 2102 2113 rite
2129 2069 2400 2124 dispositus

191 2141 282 2192 est;
314 2141 387 2184 ita
417 2144 474 2184 ut
500 2140 718 2184 inferius
747 2141 859 2184 eius
888 2142 1025 2184 latus
1050 2141 1141 2183 AB
1169 2140 1475 2184 Horizontis
1504 2140 1874 2195 aequilibrium,
1905 2141 2131 2183 alterum
2161 2151 2289 2184 vero
2315 2140 2400 2183 AC

192 2212 449 2256 verticem
475 2212 711 2267 capitum
738 2211 923 2256 exacte
948 2212 1210 2267 respiciat:
1238 2215 1517 2266 totumque
1538 2211 1859 2264 Quadrantis
1880 2211 2099 2266 planum
2118 2212 2278 2266 plano
2301 2211 2402 2254 Cir-

192 2283 297 2327 culi
329 2283 548 2339 alicujus
580 2283 844 2327 vertlcalis
877 2286 1149 2339 congruat.
1186 2283 1257 2327 Ut
1290 2286 1471 2327 autem
1500 2283 1782 2335 Quadrans
1814 2283 1886 2325 ita
1914 2282 2012 2325 rite
2041 2282 2309 2338 dirigatur,
2342 2282 2402 2325 fit

191 2347 388 2409 partim
415 2366 510 2410 per
539 2355 805 2407 cochleas,
838 2367 970 2410 quas
999 2354 1161 2398 habet
1184 2355 1335 2410 juxta
1364 2354 1671 2398 inferiorem
1697 2354 2085 2409 dispositionem
2110 2353 2399 2405 Pedestalis‚

192 2426 352 2469 literis
372 2426 406 2468 S
427 2428 654 2478 notatas,
677 2426 872 2481 partim
892 2438 988 2481 per
1006 2426 1288 2470 cochleam
1310 2427 1379 2469 ad
1400 2426 1527 2478 OM,
1553 2438 1674 2481 quae
1694 2425 1863 2480 ipsum
1884 2424 2250 2477 Quadrantem
2268 2424 2403 2468 tollit

193 2497 234 2539 81
255 2496 516 2552 deprimit,
544 2498 715 2541 donec
741 2497 1178 2553 perpendiculum
1198 2497 1466 2549 monstret,
1493 2497 1663 2552 ipsum
1683 2496 2060 2541 convenienter
2079 2495 2178 2539 esse
2198 2495 2404 2539 ordina-

97 2576 179 2619 30·1·
193 2571 323 2611 tum.
353 2568 532 2612 Insistit
558 2568 699 2612 enim
724 2568 768 2612 is
794 2569 1042 2624 pedestali
1064 2568 1478 2621 NMOPQRST,
1507 2569 1651 2623 quod
1669 2571 1843 2612 totum
1864 2579 1988 2611 cum
2009 2567 2217 2611 caeteris
2237 2566 2404 2621 requi-

102 2932 148 2967 35

105 3286 151 3321 40

195 2639 299 2683 sitis
319 2650 348 2683 e
368 2651 503 2694 puro
524 2639 595 2683 est
614 2639 775 2692 ferro,
801 2640 892 2684 ubi
913 2652 945 2683 a
964 2639 1237 2695 posteriori
1256 2643 1406 2695 parte
1421 2641 1574 2696 juxta
1594 2639 1644 2682 H
1664 2639 1735 2682 illi
1757 2638 2000 2694 affigitur.
2030 2638 2214 2693 Estque
2236 2649 2403 2693 prope

197 2710 243 2753 N
263 2710 499 2754 nonnihil
520 2711 717 2755 mobile
736 2710 841 2755 hoc
862 2711 1113 2762 fulcrum3
1135 2710 1207 2754 ita
1221 2714 1280 2754 ut
1294 2711 1576 2763 Quadrans
1597 2711 1797 2754 sursum
1818 2713 1977 2764 atque
1997 2710 2243 2753 deorsum
2263 2709 2404 2752 trudi

198 2784 357 2836 queat
376 2793 472 2836 per
491 2781 770 2825 cochleam
789 2782 910 2825 OM.
934 2782 1073 2825 Nam
1088 2783 1295 2837 Regulae
1310 2782 1499 2826 ferreae
1514 2782 1621 2825 MN
1635 2782 1676 2825 δι
1692 2781 1788 2825 ΟΝ
1807 2781 2012 2836 possunt
2032 2779 2225 2824 arctari
2239 2781 2280 2823 81
2295 2792 2404 2823 am-

196 2852 348 2907 pliari
365 2852 771 2897 intermediante
790 2854 981 2896 eadem
1002 2853 1224 2897 cochlea
1245 2853 1377 2896 OM:
1401 2854 1576 2908 sicque
1597 2852 1878 2905 Quadrans
1897 2864 2004 2895 una
2023 2862 2314 2907 parumper
2332 2854 2405 2894 at-

196 2924 308 2967 tolli
326 2925 410 2967 vel
431 2923 655 2978 deprimi
675 2927 832 2978 prout
852 2936 986 2979 opus
1010 2924 1179 2968 fuerit.
1209 2924 1632 2968 circumducitur
1651 2924 1812 2967 etiam
1832 2923 1876 2967 is
1894 2923 1948 2966 in
1968 2934 2210 2967 concavo
2231 2922 2404 2965 canali

198 2994 244 3037 N
253 2995 302 3047 P,
318 2994 372 3037 in
386 3006 761 3050 quamcunque
776 2995 904 3038 Coeli
917 2996 1131 3050 plagam
1144 2995 1392 3038 lubuerit:
1414 2995 1571 3038 firma
1584 2998 1768 3038 tamen
1781 2997 2030 3037 manente
2043 2995 2157 3037 tota
2170 2993 2404 3037 inferiori

198 3065 474 3120 pedestalis
490 3069 661 3121 parte;
685 3079 849 3121 quam
862 3065 1030 3109 literae
1045 3066 1123 3109 RS
1133 3066 1226 3118 QT
1239 3067 1458 3121 signant:
1482 3078 1603 3120 quae
1617 3065 1834 3109 inferior
1846 3065 2019 3120 portio
2036 3066 2115 3116 ea,
2138 3067 2243 3119 qua
2257 3064 2404 3107 vides

199 3136 375 3180 forma
395 3136 668 3180 fulcimina
687 3138 907 3192 praebet,
928 3140 987 3180 ut
1001 3137 1283 3189 Quadrans
1302 3137 1527 3181 firmiter
1546 3136 1788 3180 consistat
1806 3136 1859 3179 in
1879 3136 1980 3179 suis
2001 3138 2229 3190 quatuor
2248 3134 2405 3178 coch-

199 3207 292 3250 leis
318 3218 414 3262 per
437 3207 616 3251 literas
641 3207 722 3250 ST
746 3208 1010 3252 indicatis:
1039 3220 1161 3262 quae
1188 3208 1426 3252 cochleae
1451 3207 1544 3265 (uti
1571 3207 1696 3265 dixi)
1719 3210 1892 3251 totum
1920 3206 2326 3250 Instrumentum
2351 3206 2404 3248 in

200 3277 439 3321 debitum
464 3279 617 3322 situm
643 3278 883 3334 dirigunt.
912 3279 1208 3322 Innituntur
1234 3282 1413 3322 autem
1439 3279 1526 3322 hae
1548 3278 1787 3322 cochleae
1806 3277 2070 3321 laminulis
2090 3277 2274 3320 ferreis
2294 3276 2405 3320 sub-

201 3348 369 3392 stratis
389 3349 540 3404 juxta
559 3350 617 3392 T:
649 3349 837 3404 quibus
864 3349 1248 3404 quiescentibus
1273 3349 1326 3392 in
1353 3351 1538 3392 mensa
1565 3349 1801 3403 quAdam
1819 3349 2019 3391 VXYZ
2041 3348 2278 3391 cochleae
2306 3359 2402 3401 pro

2215 3421 2404 3473 lubitu
