2638 3952
265 301 333 352 54
479 299 1091 352 ASTRONOMIAE
1118 298 1684 352 INSTAURATAE
1711 299 2260 353 MECHANICA

266 439 411 482 milla
437 438 795 483 latitudinibus
821 439 1105 483 inserviens
1131 439 1275 483 circa
1296 439 1510 483 eosdem
1529 439 1681 482 Polos
1702 438 1931 491 zodiaci,
1958 439 2095 483 intra
2120 443 2301 484 tamen
2326 441 2468 484 hunc

265 516 614 568 convolvitur,
643 528 736 571 per
759 516 965 559 KLRM
987 516 1234 561 indicata.
1264 516 1441 560 Habet
1466 515 1674 570 insuper
1692 515 1801 570 ipsa
1822 516 2117 560 Zodiacalis
2136 517 2357 561 Armilla
2378 518 2468 561 sua

263 593 305 636 4.
328 593 629 648 pinnacidia
654 593 864 646 rimosa,
893 604 1044 637 more
1067 593 1220 637 nobis
1241 593 1508 644 consueto,
1537 604 1767 647 quorum
1785 592 1887 636 tria
1908 593 2298 657 conspiciuntur
2316 594 2469 650 Juxta

263 671 442 715 literas
469 670 530 723 Q,
559 670 821 723 Quartum
847 672 988 714 latet.
1019 670 1157 722 Quin
1177 670 1217 712 &
1237 670 1457 713 Armilla
1482 669 1818 713 latitudinum
1845 681 2058 725 quoque
2082 669 2125 714 4.
2152 670 2471 716 eiuscemodi

263 747 440 800 habet,
466 748 618 803 Juxta
648 749 701 800 R,
732 748 821 792 ubi
851 751 1100 802 quartum
1130 747 1293 791 etiam
1321 747 1523 802 tegitur.
1556 746 1790 801 Suntque
1820 746 2001 790 omnia
2029 747 2330 802 pinnacidia
2360 747 2470 792 Ori-

264 825 526 869 chalcica:
557 826 1015 880 quemadmodum
1042 826 1083 868 8ι
1110 836 1298 869 omnes
1317 824 1553 867 Armillae
1574 823 1860 868 Orichalco
1882 824 1995 867 sunt
2019 823 2248 868 inducstae
2268 825 2309 868 &
2331 825 2470 869 Divi-

263 903 432 946 fiones
464 902 663 946 habent
695 902 971 947 Graduum
1002 903 1055 945 in
1086 905 1237 958 parte
1269 901 1531 945 exteriore
1568 912 1664 956 per
1694 900 1890 956 puncsta
1919 901 2285 946 transversalia
2316 902 2468 947 nobis

262 980 450 1023 usitata
474 978 657 1023 factas.
687 980 798 1035 Ipse
818 991 947 1024 vero
971 979 1294 1024 Meridianus
1314 991 1381 1023 ex
1402 979 1564 1023 solido
1586 978 1789 1023 constat
1808 979 2061 1034 chalybe,
2089 981 2146 1023 ut
2171 990 2236 1023 eo
2263 979 2468 1024 firmius

260 1056 535 1102 interiores
555 1057 803 1101 Armillas
823 1057 1077 1101 sustineat.
1108 1057 1285 1100 Habet
1305 1059 1486 1100 autem
1508 1056 1552 1100 is
1574 1056 1627 1100 in
1647 1056 1922 1100 Diametro
1948 1060 2056 1101 tres
2076 1056 2298 1101 cubitos.
2329 1056 2466 1101 Hinc

262 1135 570 1178 interiorum
597 1135 637 1178 8ι
665 1135 1035 1191 contiguarum
1062 1134 1411 1189 quantitatem
1437 1134 1683 1190 colligere
1710 1133 1846 1177 licet.
1879 1134 2082 1178 Deinde
2110 1134 2372 1190 pedestale
2400 1146 2467 1179 ex

261 1211 424 1256 solido
445 1212 588 1256 ferro
610 1213 769 1256 denso
791 1211 1094 1256 confectum
1114 1212 1313 1255 habent
1332 1211 1420 1255 hae
1433 1211 1686 1263 Armillae,
1709 1211 1898 1266 quibus
1916 1212 2149 1255 totaliter
2160 1211 2464 1264 innituntur,

260 1289 403 1343 quod
430 1289 590 1333 literis
610 1289 928 1332 VTDWYZ
948 1289 1224 1333 indicatur.
1255 1288 1359 1333 Ubi
1379 1289 1530 1344 juxta
1550 1289 1584 1332 S
1603 1289 1851 1332 foramen
1871 1288 1956 1341 est,
1984 1300 2082 1343 pro
2108 1289 2328 1344 plumbo
2354 1300 2468 1344 per-

259 1366 535 1421 pendiculi.
573 1367 630 1409 In
658 1366 892 1411 inferiori
922 1370 1102 1410 autem
1131 1370 1282 1422 parte
1309 1366 1465 1422 hujus
1493 1365 1769 1421 pedestalis
1798 1365 1831 1409 b
1862 1366 2122 1410 circulum
2150 1366 2384 1410 ferreum
2412 1366 2465 1410 in

259 1446 487 1498 quatuor
515 1444 962 1498 aequidistantibus
991 1444 1122 1488 locis
1149 1444 1478 1487 transeuntes
1508 1455 1629 1498 quae
1656 1443 1810 1498 supra
1836 1447 2065 1498 quatuor
2090 1444 2369 1488 columnas
2395 1445 2466 1488 la-

258 1521 441 1576 pideas
461 1521 726 1565 laminulis
746 1521 930 1566 ferreis
950 1522 1182 1565 munitas
1202 1522 1271 1564 ad
1293 1534 1325 1564 a
1343 1524 1516 1565 totum
1537 1520 1945 1565 Instrumentum
1964 1520 2037 1565 ita
2059 1522 2297 1565 attollere
2318 1521 2360 1564 81
2380 1522 2465 1566 de-

257 1598 486 1653 primere
508 1599 727 1654 possunt,
755 1602 813 1642 ut
831 1599 1070 1643 Armillae
1090 1599 1201 1655 ejus
1222 1610 1409 1642 omnes
1430 1598 1732 1642 Coelestibus
1752 1598 1962 1642 circulis
1980 1598 2163 1654 ijsdem
2182 1599 2465 1654 repraesen-

256 1676 378 1719 tatis
404 1677 473 1720 ad
499 1676 741 1720 amussim
766 1676 819 1719 in
848 1676 948 1720 suis
977 1676 1147 1731 planis
1174 1677 1215 1720 81
1241 1674 1482 1720 duotibus
1509 1676 1971 1731 correspondeant.
2004 1676 2141 1729 Quin
2167 1677 2208 1720 81
2235 1679 2464 1732 quatuor

255 1753 427 1797 fulcra
456 1754 501 1796 X
530 1753 692 1797 etiam
723 1753 898 1797 ferrea
929 1754 1109 1798 addita
1139 1754 1268 1806 sunt,
1301 1765 1368 1797 ne
1400 1753 1522 1798 hinc
1555 1753 1676 1798 inde
1706 1753 1774 1797 ob
1804 1753 2223 1810 magnitudinem
2251 1754 2463 1799 vacillet

255 1831 532 1886 pedestale,
555 1842 766 1886 unaque
785 1834 957 1875 totum
972 1831 1395 1876 Instrumentum.
1418 1831 1595 1875 Additi
1613 1831 1820 1887 insuper
1834 1831 1948 1875 sunt
1963 1832 2157 1887 gradus
2172 1832 2206 1875 d
2219 1843 2315 1887 per
2328 1843 2463 1887 quos

256 1909 554 1953 ascenditur
583 1908 673 1953 ubi
706 1920 839 1964 opus
871 1909 1043 1962 fuerit,
1076 1909 1212 1953 inter
1244 1908 1634 1953 observandum
1667 1912 1759 1953 aut
1789 1910 2198 1953 numerandum.
2233 1909 2462 1965 Requirit

255 1986 417 2030 etiam
446 1986 550 2030 hoc
584 1986 992 2030 Instrumentum
1021 1986 1347 2042 peculiarem
1374 1986 1704 2040 turriculam,
1739 1987 1888 2043 quus
1915 1986 2113 2031 tectum
2144 1986 2360 2031 dimidia
2387 1987 2461 2030 sui

254 2067 404 2119 parte
433 2064 568 2107 inter
597 2064 986 2108 observandum
1014 2063 1210 2108 auferri
1237 2067 1410 2119 queat,
1440 2064 1480 2106 ἃ
1506 2064 1710 2119 reliqua
1735 2076 1875 2119 pars,
1908 2067 2066 2119 prout
2091 2064 2332 2117 lubuerit‚
2366 2064 2461 2109 cir-

254 2141 573 2196 cumgyrari.

326 2218 499 2262 USUS
525 2218 719 2262 harum
739 2219 1083 2262 Armillarum
1110 2218 1196 2270 est,
1224 2221 1281 2262 ut
1307 2218 1347 2261 81
1376 2219 1601 2262 aliarum
1624 2218 2083 2272 Ptolemaicarum,
2110 2219 2163 2262 in
2190 2219 2460 2275 capiendis

253 2296 503 2339 nimirum
536 2297 764 2340 siderum
795 2296 1204 2351 longitudinibus
1233 2296 1274 2339 81
1304 2295 1679 2339 latitudinibus.
1714 2296 1943 2351 Requirit
1975 2299 2155 2340 autem
2186 2297 2291 2340 hoc
2324 2297 2459 2341 duos

254 2372 641 2425 observatores;
665 2385 893 2428 quorum
912 2385 1050 2417 unus
1071 2373 1341 2428 quodlibet
1359 2373 1719 2428 pinnacidium
1740 2373 1793 2416 in
1809 2373 2029 2416 Armilla
2050 2373 2318 2418 Zodiacali
2336 2375 2458 2418 loco

252 2450 585 2505 longitudinis
601 2451 820 2506 aliquus
834 2451 958 2494 fixae
973 2454 1117 2495 notae
1131 2450 1406 2494 firmatum
1420 2463 1515 2506 per
1527 2451 1746 2494 rimulas
1760 2453 2028 2505 utrasque,
2050 2451 2277 2495 eandem
2290 2451 2458 2495 fixam

245 2527 396 2582 juxta
417 2528 587 2570 Axem
609 2528 686 2570 IK
706 2528 828 2572 hinc
854 2529 976 2572 inde
1003 2529 1248 2581 intuetur,
1276 2539 1489 2583 unaque
1516 2539 1704 2571 omnes
1723 2528 1972 2571 Armillas
1999 2529 2066 2572 fic
2093 2528 2317 2572 firmiter
2337 2539 2459 2572 con-

250 2604 398 2647 tinet:
426 2608 484 2647 ut
509 2605 727 2659 planum
749 2605 1048 2660 Ecclipticae
1069 2605 1362 2648 Armillaris
1388 2605 1583 2649 coelesti
1609 2605 1917 2650 omnimode
1941 2609 2211 2661 congruat.
2241 2605 2457 2649 Interim

250 2685 433 2725 movet
455 2683 588 2725 alter
608 2682 917 2726 observator
937 2683 1290 2737 quodcunque
1312 2694 1340 2726 e
1362 2682 1569 2726 caeteris
1594 2682 1922 2738 pinnacidijs,
1950 2683 2004 2726 in
2023 2683 2272 2735 Zodiaco,
2300 2685 2457 2738 prout

250 2758 320 2801 illi
340 2758 520 2811 Sideri,
549 2759 697 2815 quus
723 2759 1104 2815 longitudinem
1129 2760 1391 2814 inquirere
1412 2760 1610 2815 satagit,
1638 2760 1873 2804 maxime
1900 2760 2251 2804 commodum
2277 2759 2453 2803 fuerit:

251 2836 422 2879 donec
449 2836 646 2891 pariter
669 2848 765 2891 per
788 2839 1050 2891 utranque
1080 2837 1329 2880 rimulam
1352 2837 1504 2893 juxta
1531 2836 1728 2880 dictum
1756 2849 1915 2880 axem
1942 2837 2094 2881 Sidus
2119 2837 2245 2880 illud
2271 2835 2456 2881 exacte

251 2912 522 2967 conspicit:
545 2916 670 2957 tunc
692 2914 834 2957 enim
853 2915 1003 2958 locus
1021 2914 1253 2970 eJ'usdem
1266 2913 1547 2970 pinnacidij
1564 2914 1617 2957 in
1631 2914 1899 2958 Zodiacali
1912 2914 2132 2958 Armilla
2147 2917 2456 2958 numeratus

250 2990 628 3045 longitudinem
659 2991 933 3045 quaesltam
963 2990 1160 3046 pandit.
1188 2992 1349 3035 Porro
1375 3003 1473 3046 pro
1499 2991 1773 3035 latitudine
1799 2991 2112 3036 deducenda
2138 2991 2209 3035 est
2234 2991 2455 3034 Armilla

249 3067 583 3110 latitudinum
606 3068 674 3111 ad
695 3069 922 3112 eandem
944 3068 1242 3123 Ecclipticae
1268 3068 1663 3123 longitudinem,
1692 3081 1854 3124 quam
1876 3069 2012 3112 fidus
2035 3068 2234 3112 habere
2256 3068 2466 3123 deprae--

249 3144 469 3187 hensum
498 3144 584 3196 est,
616 3145 656 3187 82
685 3146 1014 3189 movendum
1043 3157 1172 3189 mox
1202 3145 1416 3200 aliquod
1445 3157 1511 3189 ex
1540 3146 1771 3202 ejusdem
1800 3145 2111 3201 pinnacidijs
2141 3146 2340 3189 sursum
2369 3146 2453 3189 vel

250 3221 512 3273 deorsum,
541 3222 711 3266 donec
732 3223 883 3278 juxta
904 3222 1213 3277 Cylindrum
1240 3223 1309 3266 ad
1334 3223 1379 3265 A
1403 3222 1611 3266 Astrum
1636 3223 1764 3266 illud
1788 3226 1903 3266 tam
1931 3223 2083 3278 supra
2110 3235 2273 3278 quam
2297 3222 2451 3275 infra,

249 3300 472 3351 utraque
498 3298 688 3341 rimula
716 3299 1081 3354 conspiciatur.
1112 3299 1422 3343 Monstrabit
1445 3300 1587 3343 enim
1611 3303 1737 3343 tunc
1763 3300 1930 3355 ipsum
1957 3299 2318 3355 pinnacidium
2344 3299 2454 3343 lati-

248 3375 502 3427 tudinem,
531 3387 694 3429 quam
714 3375 976 3430 inquirere
996 3376 1179 3429 lubuit,
1201 3377 1590 3421 numerandam
1612 3377 1679 3421 ab
1700 3377 1982 3432 Eccliptica
2002 3377 2056 3420 in
2075 3375 2212 3420 dicta
2233 3376 2451 3420 Armilla

2126 3456 2451 3509 latitudinis

2520 1142 2562 1178 10

2510 1919 2556 1955 20

2508 2306 2554 2341 25

2503 3077 2549 3113 35
