2638 3952
66 433 162 476 Β4Γ

99 1211 142 1247 10

94 1566 142 1632 '1⁵

406 294 1015 349 ASTRONOMIAE
1041 296 1608 350 INSTAURATAE
1635 299 2183 353 MECHANICA
2326 301 2395 353 49

726 441 1274 503 EXPLICATIO
1304 443 1728 504 FABRICAE
1755 444 1870 504 ET

1175 542 1413 604 VSVS.

641 666 734 710 GO
762 677 891 711 vero
919 667 1069 710 annis
1094 667 1295 722 aliquot
1320 670 1478 711 antea
1504 669 1636 712 alias
1662 669 1882 724 Regulas
1909 669 1962 712 in
1987 670 2136 713 Turri
2162 673 2395 725 quadam

640 747 997 796 extruxeram,
1028 755 1149 788 eam
1177 748 1349 788 totam
1376 745 1466 788 sua
1492 745 1988 801 circumgyratione,
2019 748 2233 801 quando
2264 760 2396 803 opus

639 824 769 872 erat,
805 821 1166 876 adimplentes,
1201 821 1364 876 quue
1395 823 1649 877 peculiari
1682 824 1917 878 quAdam
1949 824 2168 876 ratione,
2203 826 2395 879 partim

640 897 1099 953 Hipparchianum
1131 899 1524 943 vetustissimum
1560 900 1636 956 (ut
1667 899 1851 957 fertur)
1881 901 2103 944 modum
2134 901 2393 954 imitante;

638 974 833 1030 partim
847 986 976 1019 vero
996 975 1148 1019 novis
1170 976 1525 1020 additionibus
1540 989 1572 1020 a
1587 988 1674 1020 me
1693 977 1802 1032 ipso
1823 978 2131 1033 excogitatis
2153 978 2397 1022 stabiliori

560 1035 594 1067 ὑ
638 1051 680 1094 ἃ
709 1052 1067 1096 commodiori
1095 1052 1208 1095 usui
1240 1052 1540 1097 destinatas:
1575 1065 1803 1108 quarum
1836 1054 2147 1098 structuram
2179 1056 2397 1110 sequens

192 1126 535 1182 repraesentat
554 1128 745 1183 figura:
772 1129 825 1172 in
852 1131 958 1184 qua
977 1130 1077 1172 AD
1097 1130 1413 1185 intelligatur
1432 1130 1605 1185 prima
1625 1131 1666 1173 8:
1687 1131 2098 1176 fundamentalis
2124 1134 2303 1188 regula
2328 1134 2396 1176 ad

192 1203 498 1248 Horizontis
517 1205 736 1260 planum
757 1205 1015 1261 disposita,
1040 1207 1082 1250 ἃ
1104 1210 1263 1261 prout
1282 1219 1416 1262 opus
1436 1207 1607 1260 fuerit,
1635 1209 1900 1252 revoluta:
1929 1221 2051 1263 quae
2071 1210 2160 1253 sua
2180 1210 2397 1266 longitu-

192 1280 313 1324 dine
344 1280 397 1328 8}
427 1282 635 1326 cubitos
674 1283 948 1338 adaequat:
990 1283 1335 1338 Continetque
1372 1284 1426 1327 in
1464 1285 1716 1340 superiori
1749 1285 1837 1329 sua
1871 1285 2144 1340 superficie
2177 1287 2396 1331 canonis

191 1358 395 1401 sinuum
426 1370 680 1404 numeros
713 1360 1057 1404 artificialiter
1092 1373 1186 1416 per
1223 1360 1418 1416 pundta
1448 1362 1814 1406 transversalia
1847 1374 1970 1406 meo
2003 1375 2154 1407 more
2186 1364 2394 1416 divisus,

191 1435 278 1479 sex
304 1435 656 1491 Zyphrarum,
687 1436 767 1481 bis
794 1441 1120 1482 numeratos.
1153 1438 1290 1482 Huic
1321 1438 1674 1494 adaequantur
1702 1439 1842 1484 binae
1873 1440 1991 1483 aliae
2020 1442 2216 1496 regulae
2247 1442 2395 1485 fimul

192 1512 436 1568 sumptae:
466 1525 591 1557 cum
616 1514 861 1558 videlicet
887 1515 1060 1559 eidem
1087 1515 1438 1570 applicantur:
1470 1529 1663 1572 nempe
1689 1518 1781 1560 AB
1806 1518 1847 1561 81
1873 1519 1974 1570 BC,
2003 1530 2230 1573 quarum
2257 1531 2396 1573 quae-

190 1589 317 1633 libet
340 1589 394 1637 4}
420 1590 627 1635 cubitos
656 1590 708 1634 in
734 1591 1056 1647 longitudine
1082 1593 1330 1636 continet.
1360 1592 1667 1637 Annectitur
1692 1606 1820 1639 vero
1850 1596 1996 1650 prior
2020 1596 2111 1638 AB
2138 1596 2394 1652 principio

189 1667 440 1723 longioris
460 1668 612 1724 juxta
632 1669 693 1720 A,
721 1668 795 1712 ita
820 1672 878 1712 ut
902 1669 956 1712 in
982 1681 1047 1713 eo
1075 1670 1241 1714 attolli
1267 1670 1595 1725 deprimique
1621 1671 1784 1726 possit‚
1813 1673 2068 1727 fimulque
2091 1673 2270 1716 secum
2294 1677 2396 1717 tra-

188 1744 318 1788 here
342 1744 685 1799 posteriorem
711 1746 796 1789 BC
822 1746 995 1790 eidem
1015 1747 1166 1802 juxta
1193 1748 1232 1790 B
1257 1747 1660 1792 convolubiliter
1686 1748 1925 1792 affixum.
1958 1750 2017 1793 In
2045 1749 2186 1793 hisce
2215 1754 2394 1794 autern

190 1822 399 1866 duabus
427 1822 721 1866 minoribus
746 1823 937 1879 regulis
964 1825 1124 1868 nullae
1152 1825 1265 1867 sunt
1291 1825 1586 1877 divisiones,
1617 1826 1705 1869 sed
1732 1827 1878 1881 prior
1906 1827 2089 1871 saltem
2113 1828 2206 1870 AB
2233 1827 2396 1872 habet

190 1898 428 1954 dioptras
447 1900 488 1943 81
507 1900 826 1954 pinnacidia‚
853 1912 948 1956 per
972 1913 1094 1956 quae
1115 1901 1405 1946 collimatio
1424 1902 1499 1954 fit,
1526 1902 1730 1946 rimulis
1755 1903 1809 1946 in
1834 1903 2066 1947 inferiori
2092 1904 2394 1959 pinnacidio

94 1981 142 2018 20
183 1976 336 2032 Juxta
357 1977 572 2021 oculum
591 1977 660 2020 ad
677 1978 735 2030 E;
758 1977 992 2021 ulteriori
1007 1979 1076 2021 ad
1090 1978 1141 2030 F,
1162 1978 1503 2034 undiquaque
1523 1980 1809 2034 parallelis:
1831 1984 1889 2023 ut
1907 1984 2020 2024 tam
2040 1981 2093 2024 in
2106 1982 2395 2025 Altitudini-

93 2369 139 2403 25

94 3138 140 3173 35

190 2053 289 2097 bus
309 2065 473 2108 quam
487 2053 783 2098 Azimuthis
803 2057 1017 2110 quaqua
1031 2055 1240 2099 versum
1258 2055 1402 2100 circa
1418 2056 1538 2101 haec
1552 2057 1647 2100 fiat
1660 2058 1974 2102 collineatio.
1998 2058 2198 2103 Omnes
2213 2062 2394 2103 autem

189 2129 276 2174 hae
304 2133 412 2175 tres
441 2131 649 2186 Regulae
678 2131 872 2187 ubique
903 2132 1254 2177 Orichalcicae
1284 2133 1412 2186 sunt,
1445 2134 1758 2178 subtilissirne
1786 2135 2029 2191 levigatae
2058 2136 2100 2179 δι
2128 2136 2392 2191 expolitae,

191 2207 606 2262 quadrilateram
613 2209 747 2265 justa
761 2209 1135 2265 magnitudine,
1151 2222 1218 2254 ne
1231 2210 1583 2256 incurvationi
1595 2212 1844 2256 obnoxiae
1856 2213 1965 2265 fint,
1983 2213 2277 2258 obtinentes
2291 2214 2394 2258 for-

188 2297 353 2328 mam.
374 2285 444 2328 Vt
462 2297 592 2330 vero
613 2286 967 2340 commodius,
997 2289 1176 2342 quoad
1196 2289 1330 2332 duas
1352 2288 1658 2344 superiores,
1688 2289 1854 2334 attolli
1873 2290 2172 2345 remittique
2192 2291 2391 2346 possint‚

190 2361 431 2406 additum
451 2363 522 2407 est
540 2364 638 2407 illis
658 2367 846 2408 extans
866 2365 1140 2419 quoddam
1161 2364 1566 2409 sustentaculum
1586 2378 1682 2421 per
1701 2366 1897 2411 LNOP
1915 2367 2222 2420 indicatum,
2250 2369 2393 2422 quod

189 2438 351 2482 etiam
376 2439 593 2484 inferius
619 2441 770 2485 suum
798 2441 961 2485 habet
985 2442 1371 2495 fulcimentum,
1402 2443 1839 2498 repraesentatum
1868 2456 1963 2499 per
1987 2444 2135 2488 PVZ.
2168 2445 2320 2488 quta
2346 2445 2393 2488 V

188 2527 317 2560 vero
347 2516 418 2561 est
447 2517 694 2570 Cochlea‚
728 2531 850 2573 quae
883 2519 1052 2575 ipsum
1081 2519 1450 2564 fulcimentum
1477 2521 1531 2564 in
1560 2520 1846 2565 substructo
1874 2522 2034 2565 totius
2064 2522 2395 2566 Instrumenti

189 2592 482 2638 bafimento
500 2595 586 2652 (de
607 2607 712 2650 quo
732 2596 931 2654 postea)
951 2597 1021 2640 ad
1040 2597 1109 2639 W
1130 2597 1447 2641 circularem
1467 2597 1725 2641 laminam
1750 2598 2089 2654 undiquaque
2116 2599 2300 2655 dirigit,
2328 2611 2394 2643 ne

188 2669 279 2713 suo
300 2670 351 2713 se
371 2672 606 2726 pondere
627 2677 891 2728 aggravet.
914 2674 1110 2718 Extans
1131 2678 1311 2718 autem
1325 2675 1504 2719 versus
1519 2675 1702 2719 Zenith
1723 2675 1978 2720 structura
1998 2676 2052 2719 id
2070 2676 2233 2720 habet
2253 2687 2395 2720 com-

189 2747 351 2799 modi,
373 2751 431 2791 ut
449 2750 657 2804 regulas
677 2750 951 2805 supremas
970 2751 1146 2806 (prout
1166 2751 1291 2809 dixi)
1312 2753 1533 2805 attollat,
1555 2753 1872 2808 easdemque
1886 2765 1983 2808 pro
1999 2753 2144 2798 libito
2159 2754 2394 2797 remittat

187 2835 399 2879 unaque
418 2825 471 2868 in
493 2825 583 2870 suo
603 2827 779 2882 plano,
807 2839 873 2871 ne
893 2827 1015 2871 hinc
1035 2828 1158 2872 inde
1178 2828 1547 2880 distrahantur,
1575 2832 1838 2874 coerceat.
1867 2831 2190 2874 Attolluntur
2212 2833 2392 2874 autem

188 2901 230 2945 81
249 2902 586 2946 remittuntur
601 2903 1005 2948 intermediante
1020 2905 1254 2950 funiculo
1270 2906 1425 2949 KLN
1435 2907 1506 2959 M,
1529 2907 1618 2961 qui
1632 2907 1866 2962 superius
1880 2908 2032 2963 juxta
2047 2908 2090 2951 L
2100 2908 2145 2950 N
2161 2909 2392 2952 rotulam

186 2977 349 3022 habet
373 2979 427 3022 in
454 2982 558 3034 qua
586 2984 707 3035 apte
732 2981 978 3025 trahitur:
1007 2982 1255 3037 idemque
1281 2983 1470 3038 primae
1496 2985 1692 3039 regulae
1721 2983 2016 3028 annectitur
2035 2985 2186 3040 juxta
2213 2985 2275 3035 K,
2302 2985 2393 3028 ubi

188 3055 448 3110 supposita
468 3058 735 3101 metallica
751 3058 1012 3113 figuratio,
1035 3071 1157 3114 quae
1171 3059 1224 3103 in
1238 3061 1394 3104 clavo
1409 3061 1638 3105 rotundo
1653 3062 2003 3113 convolvitur,
2027 3062 2162 3105 adeo
2177 3062 2392 3105 interius

188 3135 375 3187 patens
396 3133 482 3186 est,
509 3137 567 3176 ut
586 3134 946 3189 pinnacidium
967 3136 1035 3179 ad
1056 3136 1092 3179 F
1111 3148 1178 3180 ex
1199 3138 1356 3180 oculo
1370 3138 1523 3194 Juxta
1543 3137 1810 3193 dioptram
1831 3139 1868 3180 E
1887 3139 2226 3193 undiquaque
2247 3140 2391 3182 nullo

188 3208 458 3254 obstaculo
480 3210 894 3266 discerni'queat.
919 3212 1095 3256 Habet
1109 3214 1150 3257 ἃ
1167 3214 1271 3258 hoc
1293 3214 1567 3258 commodi
1586 3218 1643 3257 ut
1661 3226 1757 3270 per
1774 3215 2226 3270 perpendiculum,
2250 3217 2391 3270 quod

188 3284 241 3327 in
261 3284 305 3337 Q
327 3286 523 3339 definit,
545 3288 877 3333 Instrumenti
897 3290 1050 3333 fitum
1070 3291 1357 3335 examinet:
1381 3303 1451 3335 an
1464 3291 1708 3335 videlicet
1721 3292 1821 3335 AD
1837 3292 2187 3336 Horizontem
2208 3291 2391 3335 exacte

189 3362 449 3416 respiciat:
474 3364 727 3419 liquidem
748 3365 942 3409 LNPO
964 3366 1136 3409 eidem
1155 3368 1212 3410 fit
1230 3367 1618 3423 Orthogonalis.
1643 3369 1899 3420 Quamvis
1920 3370 1971 3411 id
1991 3370 2158 3423 ipsum
2181 3381 2391 3423 quoque

330 3441 352 3476 ⁷
2318 3465 2389 3499 ex
