2644 3978
284 279 377 331 318
825 277 1516 331 ANNOTATIONES
1543 277 1947 332 EDITORIS

283 417 549 473 Tychonis
575 418 624 460 d.
645 417 698 460 31
730 429 801 460 m.
825 417 1137 461 Decembris
1164 430 1211 461 a.
1238 417 1350 461 1596
1376 418 1446 461 ad
1473 418 1827 461 Christianum
1853 417 2074 461 Frisium
2101 419 2487 463 Cancellarium

285 489 473 533 Daniae
500 489 626 531 data
652 487 774 532 huic
802 490 854 531 et
880 488 1175 532 Christiano
1196 488 1266 531 IV
1293 489 1481 532 Daniae
1505 489 1624 544 Regi
1650 489 1896 544 exempla
1917 487 2286 543 Epistolarum
2315 490 2488 535 astro-

284 558 640 612 nomicarum,
673 558 861 613 quibus
887 559 973 602 hic
999 559 1204 603 libellus
1232 560 1471 615 alligatus
1498 563 1651 612 esset,
1678 560 1989 614 Tychonem
2014 559 2220 604 misisse
2245 560 2489 617 intellegi-

284 642 420 674 mus.
449 631 763 685 Exemplum
782 630 904 682 tale,
927 630 1071 684 quod
1089 642 1187 674 sua
1207 643 1372 674 manu
1387 631 1415 683 J
1419 631 1592 675 acobo
1614 630 1868 675 Monavio
1889 630 2287 675 Vratislaviensi
2304 632 2487 687 Tycho

286 702 565 754 dedicavit,
596 701 650 744 in
679 701 1000 745 bibliotheca
1026 701 1396 746 Universitatis
1420 702 1846 746 Vratislaviensis
1872 705 2197 755 asservatur;
2228 702 2282 746 in
2310 702 2490 747 biblio-

283 774 443 818 theca
464 776 645 816 autem
658 772 1055 816 vindobonensi
1075 773 1278 817 libellus
1297 773 1383 817 ille
1402 775 1547 817 solus
1566 773 1839 829 reperitur.
1862 773 1922 816 In
1940 773 2045 818 hoc
2065 773 2205 829 typis
2226 774 2490 829 descripta

286 848 365 889 est
392 844 664 889 annotatio
693 844 762 887 ad
786 844 950 888 finem
978 844 1206 900 adjecta;
1236 847 1290 887 at
1314 845 1367 888 in
1393 846 1639 900 exemplo
1659 844 2058 889 Vratislaviensi
2082 844 2245 902 (quod
2266 848 2397 890 tom.
2418 845 2489 889 VI

286 929 335 972 p.
362 916 450 960 367
476 917 652 959 solum
678 915 1246 973 commemoravimus)
1274 928 1438 959 manu
1467 915 1664 971 scripta
1694 918 1787 960 est.
1820 916 2176 960 Instrumenta
2206 918 2386 960 autem
2419 915 2489 969 18,

288 1000 409 1043 quae
424 986 638 1031 exhibet
653 987 858 1031 libellus
872 987 971 1039 ille,
994 988 1187 1031 eadem
1200 990 1336 1039 sunt,
1361 999 1482 1042 quae
1495 987 1550 1031 in
1562 986 1912 1031 Mechanicis
1925 986 2274 1042 reperiuntur,
2296 990 2492 1042 praeter

291 1060 330 1111 1,
357 1060 401 1111 5,
428 1058 481 1101 21
512 1058 899 1117 (Quadrantem
924 1058 1191 1102 minorem
1219 1058 1617 1111 orichalcicum,
1650 1058 2016 1110 Quadrantem
2043 1060 2324 1111 muralem,
2355 1058 2493 1111 Qua-

288 1132 534 1175 drantem
564 1129 862 1173 maximum
893 1129 1249 1187 chalybeum).
1283 1130 1512 1174 Nomina
1543 1129 1756 1184 quidem
1785 1142 1947 1185 supra
1972 1130 2323 1174 instrumenta
2348 1130 2492 1173 nulla

289 1204 563 1257 apparent,
586 1204 641 1245 at
659 1201 712 1245 in
733 1202 980 1256 exemplo
994 1201 1393 1245 Vratislaviensi
1413 1213 1575 1256 supra
1594 1212 2030 1256 unamquamque
2050 1201 2336 1257 imaginem
2357 1203 2494 1245 atra·

288 1275 468 1317 mento
489 1272 670 1328 scripti
689 1275 811 1316 sunt
826 1272 1035 1315 numeri
1053 1272 1289 1324 Romani,
1312 1271 1401 1326 qui
1419 1272 1519 1315 illis
1539 1273 1878 1327 respondent,
1900 1272 1989 1327 qui
2002 1273 2055 1315 in
2069 1272 2295 1328 Synopsi
2308 1272 2495 1317 instru-

288 1347 593 1388 mentorum
620 1343 881 1387 Guilelmo
909 1343 1244 1398 Landgravio
1272 1343 1435 1387 missa
1462 1346 1720 1398 apparent
1745 1343 1892 1400 (tom.
1915 1342 1986 1387 VI
2011 1356 2061 1398 p.
2083 1343 2172 1387 250
2190 1344 2363 1401 sqq.)¹.
2392 1343 2495 1399 Nu-

289 1416 422 1459 meri
450 1418 629 1458 autem
655 1415 721 1458 ab
747 1415 765 1457 1
791 1426 958 1469 usque
979 1415 1047 1457 ad
1067 1414 1140 1466 21,
1170 1415 1376 1469 quibus,
1405 1426 1529 1458 cum
1555 1414 1906 1458 instrumenta
1931 1414 2228 1471 significare
2254 1414 2414 1470 cupit,
2440 1414 2494 1458 in

288 1485 637 1530 Mechanicis
665 1485 847 1540 Tycho
877 1486 1054 1537 utitur,
1090 1485 1332 1529 ordinem
1359 1488 1570 1528 tantum
1598 1485 1849 1538 indicant,
1881 1498 1987 1540 quo
2017 1487 2070 1529 in
2098 1486 2202 1530 hoc
2234 1497 2395 1541 opere
2423 1486 2495 1529 in·

288 1560 583 1602 strumenta
604 1557 1011 1611 subsequuntur.

363 1630 499 1674 Utile
521 1628 618 1672 erit
635 1627 926 1684 legentibus
947 1627 1328 1683 descriptiones
1347 1628 1840 1681 instrumentorum,
1868 1640 1990 1683 quae
2008 1628 2063 1672 in
2081 1628 2186 1673 hoc
2207 1628 2341 1673 libro
2359 1631 2497 1672 trac-

288 1704 482 1752 tantur,
499 1711 624 1744 cum
638 1699 698 1743 115
713 1710 1048 1754 comparare,
1069 1711 1190 1754 quae
1204 1699 1257 1742 in
1272 1698 1540 1754 Epistolis
1553 1698 1942 1744 astronomicis
1957 1698 2105 1757 (tom.
2118 1700 2188 1743 VI
2201 1712 2250 1755 p.
2262 1699 2351 1743 262
2362 1700 2497 1756 sqq.)

290 1774 355 1816 de
380 1772 568 1816 iisdem
594 1770 955 1815 instrumentis
976 1770 1163 1814 Latine
1189 1771 1532 1824 disseruntur,
1559 1772 1700 1815 unde
1726 1770 1932 1815 facilius
1957 1771 2184 1826 intellegi
2208 1770 2416 1826 poterit,
2442 1770 2497 1815 in

291 1855 396 1898 quo
413 1844 535 1887 1000
550 1841 870 1897 Uraniburgi
885 1845 936 1885 et
950 1842 1279 1898 Stellaeburgi
1293 1843 1542 1898 quodque
1556 1842 1966 1886 instrumentum
1981 1843 2307 1887 collocatum
2321 1842 2494 1886 fuerit.

291 1916 393 1959 Sed
419 1914 598 1958 facere
625 1925 733 1957 non
758 1913 1044 1968 potuimus,
1073 1913 1199 1968 quin
1226 1925 1412 1958 omnes
1437 1914 1912 1958 instrumentorum
1939 1914 2318 1958 delineationes
2341 1913 2496 1957 tertia

291 1989 442 2042 parte
461 1986 696 2029 minores
716 1984 1154 2040 exprimeremus,
1177 1997 1283 2040 quo
1302 1988 1487 2029 tamen
1505 1986 1595 2029 vix
1615 1985 1789 2029 minus
1809 1985 2105 2041 perspicuae
2123 1984 2345 2029 redditae
2358 1987 2495 2029 sunt.

292 2058 505 2113 Septem
524 2060 708 2100 tamen
728 2068 795 2100 ex
815 2055 1253 2100 delineationibus
1267 2057 1320 2100 in
1333 2056 1683 2100 Mechanicis
1703 2056 1839 2100 datis
1860 2060 2017 2101 antea
2034 2057 2087 2100 in
2104 2056 2219 2100 aliis
2231 2055 2498 2111 Tychonis

291 2129 435 2173 libris
462 2130 603 2172 datae
630 2131 796 2180 erant,
823 2128 922 2172 has
941 2139 1071 2172 vero
1092 2128 1236 2183 J‘usta
1262 2128 1622 2184 magnitudine
1649 2140 1930 2183 expressas
1949 2128 2003 2171 in
2023 2127 2137 2171 aliis
2155 2128 2317 2172 tomis
2342 2126 2498 2183 hujus

293 2201 534 2245 editionis
554 2199 896 2255 praebuimus.
920 2199 1051 2243 Sunt
1070 2202 1252 2244 autem
1271 2199 1380 2243 hae:

291 2275 421 2315 tom.
438 2272 485 2314 V
505 2284 553 2327 p.
574 2271 628 2314 16
648 2291 705 2308 =
724 2271 937 2315 tom.IV
955 2283 1004 2326 p.
1026 2271 1114 2314 375
1135 2271 1419 2324 Quadrans
1440 2270 1793 2316 orichalcicus

506 2355 555 2398 p.
571 2342 630 2387 60
650 2362 706 2380 =
726 2346 855 2386 tom.
889 2343 936 2386 II
956 2355 1006 2398 p.
1028 2342 1111 2386 251
1135 2342 1373 2387 Armillae
1393 2342 1514 2386 aliae
1534 2342 1847 2398 aequatoriae

507 2427 556 2469 p.
572 2414 630 2457 72
650 2434 707 2452 =
725 2417 856 2458 tom.
892 2414 938 2457 II
958 2426 1008 2469 p.
1030 2413 1118 2457 249
1138 2414 1361 2458 Sextans
1380 2413 1668 2470 trigonicus

507 2498 556 2541 p.
574 2485 631 2529 76
652 2507 708 2523 =
727 2489 856 2530 tom.
869 2485 939 2528 IV
959 2498 1007 2541 p.
1030 2486 1119 2530 370
1138 2485 1362 2530 Sextans
1382 2485 1677 2540 chalybeus

508 2569 557 2612 p.
574 2557 632 2601 80
652 2577 708 2594 =
727 2560 858 2602 tom.
893 2557 940 2600 11
960 2569 1010 2612 p.
1032 2557 1120 2601 332
1139 2556 1294 2600 Aliud
1313 2557 1723 2601 instrumentum
1743 2568 1841 2612 pro
1862 2555 2122 2600 distantiis

508 2641 557 2683 p.
574 2628 632 2671 84
652 2649 708 2665 =
726 2631 857 2673 tom.
893 2629 938 2671 II
959 2641 1009 2684 p.
1030 2627 1118 2672 340
1138 2628 1477 2672 Instrumenti
1491 2629 1729 2672 eiusdem
1743 2627 2016 2683 dispositio
2030 2639 2128 2683 pro
2141 2626 2501 2671 altitudinibus

509 2712 557 2755 p.
575 2699 632 2744 88
653 2721 709 2738 =
727 2704 858 2744 tom.
893 2700 940 2742 ΙΙ
959 2712 1009 2755 p.
1031 2699 1120 2743 345
1140 2700 1423 2752 Quadrans
1438 2700 1706 2744 maximus
1719 2710 1885 2755 prope
1902 2699 2196 2754 Augustam
2207 2697 2501 2742 Vindelico-

1138 2784 1259 2815 rum
1279 2774 1594 2815 exstructus.

297 2844 492 2886 Praeter
511 2842 609 2886 has
630 2842 912 2886 divisiones
925 2842 1191 2897 Tychonis
1210 2854 1307 2898 per
1325 2842 1490 2887 lineas
1507 2843 1892 2886 transversales
1911 2841 2071 2886 factae
2089 2843 2249 2896 atque
2262 2841 2500 2897 eiusdem

298 2913 599 2968 pinnacidia
623 2913 690 2970 (p.
717 2913 800 2956 153
825 2915 924 2969 sq.)
948 2914 1002 2957 in
1026 2917 1157 2959 tom.
1181 2914 1251 2957 IV
1275 2926 1325 2968 p.
1348 2914 1436 2957 372
1461 2925 1538 2968 sq.
1562 2912 1828 2968 descripta
1853 2915 1991 2965 sunt,
2018 2915 2070 2956 et
2090 2911 2410 2967 Uraniburgi
2435 2922 2500 2955 ac

299 2984 627 3040 Stellaeburgi
647 2984 959 3040 Hvenaeque
978 2985 1166 3029 insulae
1187 2985 1565 3029 delineationes
1584 2984 1688 3042 (pp.
1715 2983 1966 3042 138-150)
1984 2983 2038 3027 in
2057 2986 2187 3027 tom.
2208 2982 2279 3026 VI
2305 2994 2391 3038 pp.
2412 2981 2502 3026 289

301 3055 445 3098 -295
464 3055 811 3110 reperiuntur,
835 3068 955 3110 quae
976 3056 1157 3100 omn1a
1177 3056 1278 3099 illic
1300 3056 1504 3112 majore
1525 3055 1701 3099 forma
1721 3055 1984 3099 delineata
2002 3057 2139 3099 sunt.
2163 3054 2234 3098 Ut
2249 3064 2380 3098 vero
2400 3052 2503 3097 edi-

373 3176 384 3200 1
418 3174 498 3210 His
528 3175 716 3211 numeris
746 3174 959 3212 utentibus
989 3174 1113 3212 nobis
1143 3174 1421 3211 instrumenta
1447 3174 1598 3211 certius
1625 3185 1854 3221 agnoscere
1879 3174 1987 3216 11001,
2014 3184 2142 3220 quam
2167 3176 2265 3210 tom.
2285 3173 2340 3209 vl
2366 3183 2405 3218 p.
2431 3172 2503 3209 368

300 3233 425 3271 nobis
445 3233 704 3270 videbamur.
732 3234 822 3271 Illic
841 3246 879 3279 p.
900 3236 1018 3276 250‚3o
1038 3235 1210 3271 Sextans
1232 3235 1269 3270 11
1291 3245 1377 3270 non
1398 3233 1434 3270 is
1454 3237 1526 3276 est,
1554 3234 1627 3280 qui
1646 3235 1785 3271 Mech.
1805 3234 1875 3270 fol.
1894 3235 1931 3270 Α
1949 3234 2001 3270 3ν
2021 3233 2211 3279 depictus
2231 3234 2304 3274 est,
2331 3231 2407 3268 sed
2431 3230 2502 3268 hic

300 3296 362 3330 est
381 3304 496 3329 num.
518 3294 652 3329 XXIII
675 3293 729 3338 (p.
750 3294 850 3334 260‚⁷
870 3294 987 3339 sqq.).
1007 3294 1072 3329 Ad
1092 3305 1130 3339 p.
1150 3294 1268 3335 251,1⁶
1288 3294 1458 3330 Sextans
1472 3294 1507 3329 V
1521 3293 1557 3329 is
1577 3296 1650 3335 est,
1670 3293 1743 3340 qui
1763 3295 1901 3330 Mech.
1921 3293 1991 3329 fol.
2013 3293 2050 3328 D
2070 3293 2134 3333 3v,
2154 3302 2242 3328 non
2261 3290 2335 3337 qui
2353 3293 2451 3327 tom.
2466 3290 2502 3326 X

300 3364 339 3398 p.
359 3353 405 3389 67
426 3353 613 3398 depictus
634 3355 704 3388 est.
725 3352 791 3388 Ad
809 3364 847 3397 p.
868 3354 968 3392 252.9
988 3355 1026 3388 et
1045 3364 1082 3397 p.
1103 3353 1203 3394 254‚5
1222 3352 1348 3389 verba
1368 3351 1442 3388 illa
1462 3352 1642 3388 delenda
1662 3355 1772 3394 sunt,
1791 3363 1887 3398 quae
1906 3351 2029 3388 uncis
2050 3350 2314 3388 inclusimus.
