2644 3978
291 268 397 320 322
829 264 1521 318 ANNOTATIONES
1547 263 1953 316 EDITORIS

291 406 511 449 minare.
542 431 599 436 ——
632 405 878 448 Ceterum
906 416 1004 459 pro
1037 405 1235 459 »deque
1262 404 1445 460 ijsdem
1475 403 1871 447 emendatione«
1904 401 2245 445 scribendum
2274 402 2370 445 fuit
2400 406 2492 446 aut

296 477 492 531 »deque
510 476 693 532 ijl'dem
712 475 1086 520 emendandis«
1110 478 1201 518 aut
1225 476 1422 530 »deque
1442 474 1734 518 earundem
1754 472 2170 517 emendatione«.

364 548 433 591 ad
452 558 501 602 p.
524 546 652 603 77‚1³]
674 546 741 590 cf.
762 549 893 590 tom.
917 546 988 589 IV
1006 558 1056 601 p.
1078 546 1180 590 370.

363 619 432 661 ad
452 630 501 673 p.
524 616 651 675 78,21]
673 617 740 661 cf.
763 617 925 660 etiam
944 620 1074 661 tom.
1097 617 1142 659 X
1162 629 1210 671 p.
1233 617 1306 669 67,
1334 617 1424 660 ubi
1444 620 1659 660 sextans
1678 615 1798 659 talis
1818 615 2057 670 depictus
2074 618 2171 669 best,
2201 615 2370 669 qualis
2394 614 2493 658 fuit

292 702 339 734 a.
365 689 493 733 1578.

363 761 432 804 ad
451 772 500 816 p.
523 759 640 817 81‚³]
673 759 739 803 cf.
761 762 891 803 tom.
913 759 960 802 11
980 772 1030 814 p.
1051 759 1154 803 332.

364 832 432 875 ad
452 844 501 887 p.
524 830 652 887 85,29]
671 831 769 874 Pro
794 830 1082 874 »isosceles«
1105 830 1265 874 scribi
1285 830 1464 873 debuit
1487 829 1928 884 »aequilaterum«.

363 903 432 946 ad
452 914 502 957 p.
524 901 652 959 86,12]
674 901 740 945 cf.
762 905 891 946 tom.
915 902 961 944 ΙΙ
981 914 1030 957 p.
1052 901 1155 945 340.

363 975 432 1017 ad
451 986 501 1029 p.
523 972 638 1030 91‚1]
673 973 740 1017 cf.
763 972 925 1016 etiam
944 976 1073 1016 tom.
1096 972 1142 1014 X
1161 985 1210 1027 p.
1232 972 1305 1016 36.

363 1045 432 1088 ad
451 1056 501 1100 p.
523 1043 639 1101 93‚⁴]
672 1044 777 1087 vid.
799 1055 959 1099 supra
980 1056 1029 1099 p.
1050 1044 1123 1087 36.

363 1117 432 1159 ad
452 1128 501 1171 p.
523 1115 652 1172 97‚12]
674 1115 896 1158 Radium
924 1115 1199 1158 invenerat
1229 1114 1358 1157 Levi
1386 1114 1489 1157 ben
1520 1113 1724 1157 Gerson
1755 1113 1878 1170 (vid.
1911 1115 2089 1156 annot.
2122 1112 2191 1155 ad
2222 1124 2271 1167 p.
2302 1112 2414 1164 22³⁹
2443 1115 2496 1156 et

292 1186 673 1232 commentatio
701 1186 894 1230 Curtzii
921 1186 1025 1230 illic
1056 1184 1249 1242 allata).
1282 1185 1341 1227 In
1369 1184 1524 1239 huJus
1552 1183 1902 1227 instrumento
1931 1194 2029 1238 pro
2059 1183 2281 1227 brachio
2311 1182 2495 1227 mobili

289 1259 472 1303 tabula
504 1260 619 1301 erat
651 1258 928 1312 quadrata,
964 1258 1032 1300 ad
1065 1257 1229 1300 finem
1257 1267 1387 1299 vero
1420 1255 1629 1298 »tabula
1659 1257 1909 1298 cornuta«
1946 1254 2148 1309 angulis
2181 1253 2493 1307 rotundatis,

292 1342 413 1384 quae
434 1340 570 1373 cavo
593 1328 732 1372 oculi
750 1328 910 1371 inseri
928 1330 1152 1383 poterat,
1174 1327 1247 1370 ita
1266 1329 1324 1369 ut
1344 1337 1440 1381 per
1457 1325 1705 1369 foramen
1723 1325 1776 1368 in
1794 1325 1882 1368 illa
1900 1325 2230 1369 terebratum
2248 1325 2496 1369 observa-

290 1401 460 1445 tiones
480 1400 595 1444 fieri
620 1402 850 1454 possent.
879 1399 964 1442 Ait
984 1402 1164 1442 autem
1186 1397 1315 1441 Levi
1333 1397 1401 1453 (p.
1428 1396 1529 1453 110)
1549 1399 1669 1451 post
1686 1397 1927 1440 tabulam
1949 1399 2231 1440 cornutam
2252 1399 2495 1440 centrum

291 1472 435 1515 visus
461 1482 593 1523 esse,
621 1469 877 1514 vicesima
902 1470 1067 1525 palmi
1092 1472 1243 1524 parte
1269 1468 1406 1511 intra
1434 1468 1665 1520 oculum,
1693 1471 1752 1510 ut
1782 1479 1901 1522 »per
1927 1467 2277 1522 experientias
2300 1467 2496 1511 multas

292 1554 417 1586 cum
437 1542 674 1585 maxima
695 1541 959 1596 diligentia
980 1543 1032 1584 et
1050 1540 1259 1583 labore«
1283 1538 1614 1593 repperisset.
1645 1538 1871 1582 Baculus
1892 1541 2073 1582 autem
2093 1539 2290 1582 divisus
2311 1541 2426 1582 erat
2443 1538 2496 1581 in

290 1615 500 1668 palmos
520 1616 771 1667 quattuor
789 1613 873 1656 vel
893 1614 1086 1667 plures,
1109 1622 1339 1666 quorum
1360 1609 1449 1665 qui
1469 1611 1625 1653 oculo
1640 1609 1917 1664 proximus
1931 1613 2060 1662 erat,
2076 1609 2331 1653 vicesima
2345 1612 2496 1664 parte

292 1684 504 1728 brevior
524 1696 686 1738 quam
707 1683 869 1727 ceteri
889 1686 1024 1735 erat;
1047 1682 1250 1737 primus
1271 1684 1451 1725 autem
1466 1684 1517 1724 et
1530 1681 1796 1725 secundus
1809 1681 2027 1724 ulterius
2041 1680 2192 1724 divisi
2206 1692 2314 1725 non
2328 1683 2494 1732 erant,

292 1756 453 1799 ceteri
480 1767 610 1799 vero
641 1755 695 1797 in
726 1755 920 1810 gradus
952 1752 1324 1808 duodeviginti,
1358 1764 1587 1807 quorum
1616 1751 1975 1807 unusquisque
2004 1751 2153 1796 lineis
2180 1751 2497 1796 transversis

292 1826 489 1870 divisus
510 1829 638 1869 erat.

363 1898 432 1941 ad
450 1910 500 1952 p.
523 1897 650 1954 99‚2o]
671 1897 774 1940 vid.
792 1894 1102 1940 Elucidatio
1115 1894 1340 1939 fabricae
1357 1905 1603 1949 ususque
1617 1893 1903 1938 astrolabii
1914 1905 1947 1938 a
1956 1894 1985 1947 J
1988 1906 2162 1938 oanne
2176 1893 2495 1938 Stoefflerino

286 1969 602 2025 Justingensi
623 2002 633 2014 .
659 2002 668 2012 .
694 2002 704 2013 .
727 1979 906 2023 nuper
929 1966 1218 2022 ingeniose
1247 1966 1574 2010 concinnata
1605 1966 1768 2020 atque
1798 1965 1854 2008 in
1883 1966 2064 2009 lucem
2097 1964 2243 2009 edita
2271 1965 2498 2023 (Oppen-

291 2040 452 2084 hemii
480 2040 606 2093 1513,
634 2040 687 2083 in
712 2040 800 2098 2⁰).
830 2066 886 2071 —-
913 2039 993 2082 De
1012 2038 1253 2082 Arabum
1277 2036 1666 2093 planisphaeriis
1685 2037 1790 2080 vid.
1813 2037 2072 2092 imprimis
2099 2036 2157 2079 L.
2179 2037 2240 2080 A.
2263 2035 2494 2088 sedillot,

290 2110 558 2155 Memoire
584 2121 686 2155 sur
706 2112 794 2154 les
818 2110 1180 2153 instruments
1200 2108 1644 2163 astronomiques
1663 2107 1767 2151 des
1785 2106 2005 2151 Arabes
2029 2106 2350 2165 (Memoires
2371 2105 2498 2162 pre-

291 2182 518 2226 sentees
532 2193 642 2237 par
656 2182 845 2226 divers
864 2182 1098 2225 savants
1118 2180 1151 2225 a
1170 2179 1516 2224 1’Academie
1537 2179 1639 2223 des
1659 2177 2016 2233 inscriptions
2036 2179 2074 2222 Ι.
2100 2178 2245 2237 1841).

363 2256 431 2298 ad
451 2266 500 2310 p.
522 2254 650 2312 92³0]
671 2254 775 2297 vicl.
793 2254 821 2305 J
825 2265 873 2297 o.
890 2253 956 2296 de
971 2253 1140 2305 RoiaS,
1161 2250 1686 2296 Commentariorum
1702 2249 1758 2293 in
1773 2249 2147 2304 astrolabium,
2164 2249 2309 2304 quod
2317 2248 2498 2304 plani-

291 2324 590 2381 sphaerium
617 2325 828 2377 vocant,
848 2323 975 2367 libri
996 2323 1069 2367 VI
1084 2334 1230 2367 nunc
1247 2322 1484 2378 primum
1507 2321 1563 2365 in
1583 2322 1763 2365 lucem
1787 2320 1921 2364 editi
1938 2321 2162 2379 (Parisiis
2185 2321 2313 2374 1550,
2335 2320 2389 2364 in
2406 2320 2494 2379 4⁰).

291 2423 348 2429 —
378 2396 579 2441 Reineri
606 2396 851 2440 Gemmae
882 2395 1168 2439 Tractatus
1194 2394 1263 2437 de
1289 2394 1494 2438 annulo
1523 2391 1891 2437 astronomico
1914 2425 1924 2435 .
1949 2425 1959 2435 .
1985 2425 1996 2435 .
2019 2393 2075 2435 et
2102 2392 2171 2435 de
2200 2390 2498 2436 astrolabio

292 2467 564 2511 catholico
591 2467 914 2525 (Antverpiae
947 2467 1075 2518 1550,
1106 2466 1159 2509 in
1187 2465 1257 2518 4⁰,
1290 2469 1449 2520 atque
1477 2465 1669 2508 iterum
1705 2463 1850 2522 1584).
1881 2489 1938 2495 -
1969 2464 2213 2508 Gemmae
2239 2462 2384 2507 Frisii
2412 2462 2497 2505 De

290 2538 586 2583 Astrolabo
622 2537 903 2583 catholico
932 2537 1076 2580 Iiber
1103 2547 1210 2591 quo
1240 2535 1515 2580 latissime
1543 2534 1790 2590 patentis
1820 2532 2177 2578 Instrumenti
2206 2533 2498 2588 multiplex

295 2620 432 2653 usus
452 2609 765 2665 explicatur
777 2609 1101 2667 (Antverpiae
1125 2607 1253 2660 1556,
1275 2608 1328 2651 in
1348 2607 1435 2665 80).

364 2682 433 2725 ad
452 2693 502 2736 p.
528 2680 680 2738 104,19]
702 2681 783 2724 De
803 2680 958 2724 Globi
977 2691 1228 2724 mensura
1249 2679 1316 2723 cf.
1339 2690 1501 2733 supra
1520 2689 1570 2733 p.
1591 2677 1694 2721 319.

365 2753 434 2796 ad
453 2765 502 2807 p.
529 2752 681 2809 104,24]
702 2753 762 2796 A.
789 2751 902 2795 1632
923 2750 1093 2795 Nissae
1118 2751 1172 2794 in
1196 2751 1329 2794 urbe
1349 2749 1547 2794 Silesiae
1569 2748 1770 2793 Globus
1793 2751 2033 2803 repertus
2057 2751 2135 2792 est
2155 2751 2207 2792 et
2227 2747 2496 2792 Hauniam

294 2826 609 2878 reportatus,
639 2823 730 2867 ubi
757 2823 893 2866 inter
920 2834 1005 2866 res
1033 2822 1149 2866 visu
1179 2822 1362 2877 dignas
1387 2821 1442 2864 in
1468 2832 1683 2864 summa
1713 2819 2066 2863 admiratione
2092 2820 2235 2874 apud
2261 2819 2497 2863 advenas

294 2897 428 2946 erat;
460 2894 527 2937 cf.
549 2895 598 2938 P.
621 2895 683 2937 D.
708 2894 885 2938 Huetii
917 2892 1357 2937 Commentarius
1386 2892 1456 2935 de
1484 2890 1652 2935 rebus
1681 2891 1753 2934 ad
1781 2901 1907 2934 eum
1933 2889 2337 2945 pertinentibus
2358 2889 2498 2947 (Am-

294 2965 584 3009 sterodami
603 2964 731 3017 1718,
752 2965 805 3008 in
822 2964 921 3021 120)
935 2976 983 3019 p.
999 2964 1072 3008 81.
1089 2965 1148 3007 A.
1169 2963 1281 3007 1728
1301 2963 1600 3018 pernicioso
1616 2961 1845 3005 Hauniae
1865 2961 2109 3005 incendio
2131 2959 2494 3016 conflagravit.

293 3061 351 3067 ——
383 3035 559 3079 Verba
596 3036 764 3078 »Dum
787 3069 796 3079 .
822 3068 832 3079 .
857 3068 867 3079 .
889 3035 1126 3079 stabant«
1162 3046 1349 3078 versus
1381 3037 1460 3078 est
1491 3033 1823 3085 hexameter;
1865 3033 1932 3076 cf.
1960 3032 2149 3088 Vergil.
2179 3031 2302 3075 AEn.
2337 3031 2383 3074 ΙΙ
2415 3029 2494 3074 56;

298 3106 583 3160 »Troiaque
596 3117 735 3150 nunc
750 3109 929 3158 staret,
950 3105 1246 3160 Priamique
1261 3117 1357 3149 arx
1373 3106 1480 3148 alta
1495 3115 1766 3148 maneres«
1781 3117 1792 3156 ;
1810 3104 1855 3147 II
1870 3103 1948 3148 88:
1974 3104 2130 3147 »dum
2144 3103 2320 3147 stabat
2333 3113 2496 3157 regno

294 3177 620 3221 incolumis«.

367 3249 436 3292 ad
454 3260 504 3303 p.
531 3247 684 3305 106,³⁷]
705 3248 1026 3303 Paedagogus
1046 3247 1142 3290 fuit
1154 3247 1395 3290 Andreas
1409 3246 1645 3290 Severini
1663 3246 1697 3290 f.
1714 3246 1879 3290 Vedel
1899 3245 2146 3303 (Vellejus
2166 3244 2387 3301 Latine),
2408 3243 2498 3298 qui

294 3322 479 3374 postea
505 3319 680 3363 factus
701 3322 779 3362 est
797 3308 1140 3362 historiarum
1161 3318 1488 3361 Danicarum
1513 3317 1741 3371 scriptor
1765 3316 1992 3371 insignis.
2021 3315 2266 3359 Amicitia
2293 3318 2344 3358 et
2369 3314 2498 3358 litte-
