2638 3952
255 266 347 318 160
422 276 424 278 ’
465 265 1075 318 ASTRONOMIAE
1101 264 1669 319 INSTAURATAE
1696 266 2245 319 MECHANICA

826 406 1023 471 Ouem
1044 406 1261 470 Parca,
1284 407 1612 475 fatalisque
1631 407 1799 461 livor

823 478 1029 530 Morte
1049 476 1240 531 nimis
1254 482 1594 545 properata
1615 480 1929 532 ademtum

690 548 899 602 Terris
918 547 1203 601 removit.
1224 551 1339 603 Ille
1359 549 1727 618 trianguloS,

680 621 792 673 Ille
814 618 1150 686 expolitam
1170 621 1588 675 Mecbanicen
1610 620 1799 675 dedit:

827 690 988 755 Ouin
1008 690 1362 760 Noriberga
1382 691 1795 746 fabricantem
2507 710 2529 743 5

828 759 1155 829 Obstupuit,
1170 761 1520 831 stupuitque
1544 763 1764 831 Caesar,

683 831 942 901 Agreste
962 833 1205 901 lignum
1227 836 1371 887 dum
1391 835 1597 889 medio
1617 833 1837 902 aspicit

692 906 917 958 Volare
937 906 1111 957 coelo.
1139 905 1382 960 Credite
1395 904 1635 973 posteri,

824 973 1062 1043 Fugisse
1083 991 1225 1029 cum
1245 980 1395 1030 nato
1407 981 1739 1044 parentem

832 1045 1168 1112 Gnossiacis
1180 1064 1304 1115 per
1317 1048 1508 1103 inane
1529 1046 1825 1114 claustris.
2513 1064 2555 1099 ιο

686 1118 848 1183 Ouid
863 1119 1184 1172 Daeclaleae
1202 1135 1328 1173 non
1348 1120 1589 1174 facient
1603 1119 1876 1173 manus?

683 1191 996 1257 Mensque
1014 1189 1123 1243 illa
1134 1189 1321 1257 sacro
1340 1189 1511 1245 cocta
1522 1190 1809 1259 scientiae

825 1261 1073 1324 Phoebo,
1096 1262 1201 1315 cui
1219 1261 1549 1316 divinioris

826 1332 1207 1386 Particulam
1222 1333 1405 1401 genii
1419 1335 1833 1387 Prometheus

689 1401 961 1469 Coeleftis
979 1403 1178 1457 indit?
1201 1403 1252 1458 Ο
1270 1404 1547 1467 nimium,
1579 1403 1868 1467 TYCHO,
2513 1421 2555 1456 1⁵

684 1476 886 1528 Beata
907 1477 1108 1538 telluS,
1134 1490 1274 1542 quae
1292 1475 1537 1544 ingenij
1555 1475 1647 1529 tui

826 1546 1154 1609 Miracula,
1176 1550 1363 1613 atque
1384 1550 1559 1601 artes
1580 1546 1815 1600 Videbit

826 1619 1240 1686 Pyronomas,
1261 1618 1699 1685 Medicamque
1719 1619 2001 1672 dextram

684 1689 943 1741 Morbos
962 1688 1027 1741 in
1049 1703 1249 1742 acres.
1280 1691 1364 1742 Tu
1387 1689 1641 1742 Vraniae
1661 1689 1907 1757 quidem

685 1759 990 1827 Princeps
1010 1763 1313 1823 catervae,·
1330 1776 1449 1814 nec
1468 1760 1681 1814 minus
1701 1760 1978 1814 omnium
2510 1776 2557 1811 20

827 1831 1371 1899 Scientiarumque
1392 1832 1743 1900 artiumque

825 1902 1139 1956 Nobilium
1151 1901 1348 1969 studio
1367 1903 1696 1971 expolitus.

689 1973 740 2028 Ο
758 1973 865 2027 ille
885 1973 1053 2037 felix,
1077 1974 1182 2028 cui
1200 1974 1448 2028 dabitur
1465 1978 1569 2028 tuo

685 2046 784 2098 Ab
806 2060 914 2099 ore
936 2045 1175 2100 terreni
1189 2046 1586 2100 harmoniam
1602 2046 1779 2115 globi

833 2116 1134 2171 Conferre
1155 2119 1345 2171 coelo!
1366 2121 1434 2171 ut
1449 2119 1554 2171 bic
1575 2117 1780 2172 &1111'0
2511 2133 2557 2168 25

829 2188 1079 2251 Sidera,·
1090 2187 1328 2256 sintque
1340 2188 1442 2256 sui
1458 2191 1753 2253 Planetae,

695 2259 950 2327 Vtrique
968 2261 1215 2313 mundo,
1246 2262 1330 2314 Tu
1355 2260 1654 2329 Chymica
1667 2264 1898 2328 potens

686 2332 845 2384 Arte
866 2331 930 2384 dr
942 2331 1233 2394 metalliS,
1253 2332 1545 2386 lanificas
1565 2333 1720 2386 deas

829 2404 1183 2457 Producere
1201 2403 1462 2457 incitata
1484 2403 1634 2456 Vitae

832 2474 1135 2537 Stamina,
1159 2477 1224 2528 tu
1248 2490 1512 2528 vacuam
1539 2474 1872 2528 Charontis
2514 2488 2561 2524 30

696 2547 971 2598 Tranare
992 2546 1281 2613 cymbam
1292 2545 1466 2613 saepe
1473 2545 1679 2614 jubes.
1711 2545 1841 2598 Tibi

688 2616 1033 2684 NorVagiae
1054 2632 1211 2684 quos
1230 2617 1488 2685 frigora,
1513 2616 1829 2670 &horridi

830 2689 1134 2741 Premunt
1159 2688 1433 2751 TrioneS,
1456 2691 1642 2755 atque
1661 2703 1863 2757 regna

830 2758 1076 2812 Danica
1097 2774 1239 2812 cum
1262 2759 1534 2813 Sueonis
1553 2761 1901 2827 rependent

696 2830 924 2884 Grates
942 2830 1214 2884 merenti
1231 2829 1330 2896 (Si
1349 2845 1470 2897 qua
1492 2833 1701 2884 tamen
1723 2831 1905 2884 bonis
2515 2845 2562 2880 ³⁵

689 2899 923 2968 Forsan
943 2902 1292 2968 rependent
1298 2900 1536 2968 saecula
1550 2901 1843 2970 gratiam,

832 2972 1147 3039 Livorque
1162 2972 1500 3040 permittat,
1526 2976 1630 3026 tuo
1652 2975 1712 3026 te

832 3045 955 3096 Pro
974 3043 1219 3097 meritis
1240 3043 1551 3097 cumulari
1566 3043 1831 3110 honore)

700 3116 780 3168 Te
803 3114 1046 3168 Sontici
1064 3118 1123 3168 te
1152 3116 1467 3168 Tartareae
1480 3113 1660 3181 simul

698 3186 964 3241 Gement
974 3187 1280 3254 podagrae
1299 3185 1630 3253 mancipia,
1655 3185 1924 3253 undique
2517 3201 2564 3236 40

842 3258 922 3311 Te
944 3258 1085 3311 tabe
1104 3255 1409 3323 consumti
1427 3260 1771 3324 querentur

833 3329 892 3380 E
900 3328 1132 3396 patriis
1151 3326 1352 3396 abiisse
1371 3328 1593 3396 regnis
2290 3399 2348 3451 F

2341 3400 2470 3452 letu
