2638 3952
58 1046 100 1081 10

59 1401 101 1436 15

55 1756 102 1870 48

55 2111 102 2147 25

369 261 982 316 ASTRONOMIAE
1010 260 1577 314 INSTAURATAE
1604 262 2152 316 MECHANICA
2273 265 2364 317 149

147 403 319 459 pideae
346 403 416 446 ad
441 401 725 447 occiduam
752 402 965 456 plagam
991 400 1264 455 dirpofitae.
1294 401 1356 444 II.
1379 401 1512 445 Aliae
1539 402 1806 445 columnae
1832 402 2057 457 lapideae
2081 403 2351 448 Orientem

148 474 327 518 versus
362 474 571 517 locatae.
612 471 881 516 K.L.N.T.
914 471 1068 516 Globi
1102 471 1379 515 fulciendis
1414 471 1751 515 sextantibus
1779 472 2172 526 Astronomicis,
2203 477 2351 518 extra

148 544 312 599 positi.
341 543 411 587 M.
435 543 615 587 Mensa
635 543 865 586 rotunda
885 542 1058 586 saxea.
1087 542 1148 586 Ο.
1173 541 1379 594 Lectus,
1407 542 1460 585 in
1487 554 1592 597 quo
1615 542 1899 597 aliquando
1920 543 2055 587 inter
2074 545 2353 589 observan-

149 616 277 659 dum
303 614 434 657 mihi
459 613 787 668 requiescere
813 613 1009 665 liceret,
1038 614 1073 656 fi
1098 613 1237 657 forte
1264 613 1515 657 continua
1536 614 1605 657 ob
1626 613 1847 657 nubium
1870 614 2226 658 interventum
2246 628 2352 660 non

149 685 533 730 concederetur
559 684 822 728 serenitas.
851 682 913 736 Q.
934 684 1080 728 Alius
1106 683 1282 727 similis
1309 685 1350 727 81
1377 684 1605 739 amplior
1627 684 1679 728 in
1703 684 1932 728 eundem
1954 685 2105 729 usum
2124 698 2221 741 pro
2243 687 2353 730 Stu-

149 757 317 801 diofis.
342 757 391 799 P.
414 756 620 800 fornax.
643 754 704 798 V.
728 755 924 799 Mensa.
947 755 996 799 S.
1018 754 1224 798 initium
1245 755 1568 799 subterranei
1587 758 1796 799 meatus
1817 767 1976 810 quem
1996 755 2133 799 infra
2152 758 2351 800 vallum

149 831 309 882 atque
334 827 551 870 hortum
570 826 623 870 in
642 826 838 870 Arcem
859 826 1145 880 aliquando
1172 826 1330 880 inque
1355 826 1741 870 laboratorium
1762 827 2175 881 Pyronomicum
2196 829 2354 872 dedu-

149 910 270 942 cere
291 897 500 941 animus
520 900 650 940 erat.
679 896 966 941 Inchoatus
987 897 1128 940 enim
1149 896 1242 949 est;
1271 897 1357 940 sed
1382 908 1490 941 non
1511 897 1794 941 absolutus.
1822 898 2060 941 Exterior
2080 910 2207 942 area
2228 911 2352 942 cum

151 970 239 1012 sua
261 968 490 1012 Galleria
517 968 680 1011 habet
704 968 756 1011 in
782 967 1017 1023 quolibet
1042 968 1115 1011 sui
1142 968 1387 1023 quadrati
1409 969 1590 1020 latere,
1618 971 1847 1023 quatuor
1867 968 2051 1012 Mundi
2077 970 2258 1024 plagas
2278 982 2354 1013 re-

150 1039 395 1095 spiciente
415 1039 578 1094 pedes
597 1038 936 1094 septuaginta.
965 1038 1239 1082 Diameter
1258 1050 1387 1082 vero
1409 1038 1720 1083 semicirculi
1739 1039 1919 1083 medio
1939 1040 2059 1084 loco
2080 1040 2354 1096 intercepti

148 1111 220 1155 est
245 1111 442 1166 pedum
469 1109 647 1165 viginti
673 1112 916 1164 quatuor.
948 1108 1008 1153 In
1034 1110 1243 1154 duobus
1270 1113 1451 1153 autem
1476 1110 1690 1165 Angulis
1719 1110 1874 1166 hujus
1904 1111 2180 1165 quadratae
2211 1124 2352 1156 areae

148 1182 328 1226 versus
356 1180 727 1235 Notapelioten
746 1181 787 1223 81
809 1180 1188 1235 Notolybicum
1208 1180 1402 1225 Thecae
1430 1182 1683 1235 quaedam
1709 1184 1990 1236 oportunae
2012 1181 2141 1235 sunt,
2168 1183 2222 1226 in
2248 1184 2354 1238 qui-

149 1253 249 1297 bus
280 1252 453 1308 majus
484 1251 610 1295 illud
641 1251 1047 1295 Instrumentum
1077 1251 1497 1304 semicirculare,
1531 1262 1636 1307 quo
1670 1252 1925 1296 distantiae
1958 1253 2183 1297 siderum
2216 1255 2353 1298 ultra

149 1324 516 1376 Quadrantem
545 1322 841 1377 capiuntur,
872 1323 1022 1378 cujus
1050 1321 1332 1366 delineatio
1361 1334 1469 1367 non
1497 1323 1570 1367 est
1597 1323 1733 1366 inter
1760 1323 1864 1367 alia
1893 1324 2240 1369 Instrumenta
2269 1337 2354 1368 ex-

150 1394 337 1438 hibita:
360 1393 463 1437 Sed
482 1393 595 1448 post
614 1405 679 1437 ea
699 1391 949 1437 brevibus
971 1393 1153 1436 saltem
1172 1393 1428 1446 indicata;
1448 1397 1564 1437 tum
1582 1405 1794 1449 quoque
1807 1393 2085 1439 Sextantes
2100 1395 2201 1448 alii,
2224 1396 2355 1439 fimi-

149 1466 324 1520 liaque
345 1465 558 1520 Organa
583 1463 819 1516 mobilia,
846 1475 1076 1518 quorum
1096 1464 1217 1508 usus
1237 1476 1345 1508 non
1366 1465 1572 1520 semper
1590 1465 1886 1520 requiritur,
1916 1466 2053 1509 sarta
2074 1465 2213 1510 tecta
2234 1479 2355 1511 con-

150 1537 512 1587 servabantur,
543 1534 1001 1590 quemadmodum
1031 1535 1193 1579 etiam
1219 1536 1290 1579 ad
1315 1537 1535 1592 angulos
1561 1535 1995 1592 Borrhapelioten
2021 1538 2062 1581 &
2088 1538 2356 1593 Borolybi-

149 1620 275 1652 cum
309 1607 562 1662 quaedam
593 1606 699 1649 alia
731 1606 822 1650 suo
852 1609 1095 1661 tempore
1128 1607 1403 1662 disponere
1435 1607 1824 1652 constitueram.
1861 1608 1994 1652 Haec
2028 1609 2257 1653 breviter
2288 1611 2354 1653 de

151 1677 416 1723 strucsturis
429 1677 570 1722 hisce
585 1677 843 1732 Crypticis
857 1670 997 1720 dicsta
1012 1678 1121 1720 sint.
1145 1678 1278 1730 Quae
1300 1679 1335 1721 fi
1356 1678 1537 1722 omnia
1558 1679 1815 1734 sigillatim
1835 1680 2122 1734 explanare
2142 1681 2352 1732 vellem,

150 1749 356 1806 prolixa
389 1760 524 1804 opus
554 1748 693 1792 foret
724 1747 1087 1802 descriptione.
1125 1748 1315 1801 Qualia
1347 1750 1554 1805 insuper
1585 1749 1833 1794 Carmina
1865 1750 1987 1794 hinc
2019 1751 2140 1795 inde
2171 1751 2354 1795 iisdem

151 1820 358 1876 Cryptis
385 1819 560 1864 aureis
587 1819 749 1863 literis
775 1818 1159 1874 assignavimus,
1189 1819 1333 1864 idem
1358 1820 1491 1864 liber
1515 1821 1718 1876 primus
1744 1821 2089 1876 Epistolarum
2119 1822 2352 1866 exhibet:

149 1895 208 1936 ut
226 1892 418 1936 eadem
437 1891 524 1935 hic
544 1901 803 1934 revocare
822 1901 931 1933 non
950 1891 1008 1933 fit
1029 1901 1209 1945 operae
1229 1892 1472 1946 pretium.

221 1964 393 2017 Atque
417 1962 538 2005 haec
559 1962 625 2005 de
645 1960 884 2005 aedificiis
903 1961 1281 2019 Astronomicis
1301 1963 1360 2005 fit
1377 1962 1623 2007 indicasse
1644 1963 1780 2007 satis.
1808 1963 1957 2007 Licet
1975 1975 2104 2008 vero
2126 1965 2354 2008 Insulam

151 2033 374 2078 celebris
401 2032 637 2077 Porthmi
665 2032 870 2084 Danici,
902 2032 957 2076 in
986 2045 1090 2087 qua
1123 2033 1242 2077 haec
1272 2034 1617 2086 extruximus,
1650 2033 1737 2078 hic
1766 2046 2035 2090 apponere
2063 2047 2171 2080 non
2199 2036 2355 2080 fuerit

152 2105 381 2158 animus;
402 2107 586 2148 tamen
600 2103 724 2158 quia
738 2103 882 2148 aediti
895 2104 937 2146 ἃ
951 2104 1162 2148 seorsim
1177 2104 1439 2148 constituti
1454 2104 1558 2149 loci
1570 2105 1896 2149 mentionem
1911 2106 2028 2158 feci,
2045 2107 2086 2149 8ι
2101 2107 2354 2161 quoniam

293 2176 413 2220 haec
438 2175 548 2230 ipsa
567 2175 739 2218 Insula
758 2175 873 2230 jam
900 2178 1058 2219 antea
1076 2175 1131 2218 in
1151 2178 1342 2230 quarto
1361 2175 1529 2220 Tomo
1549 2176 1761 2220 Theatri
1779 2176 2002 2220 Vrbium
2022 2190 2054 2220 a
2075 2178 2208 2221 Clar.

435 2246 551 2290 viro
578 2246 714 2291 Dno.
737 2245 1033 2289 GEORGIO
1055 2244 1270 2289 BRAVN
1296 2247 1531 2301 expressa
1557 2247 1643 2300 est,
1669 2247 1792 2291 licet
1816 2259 1924 2291 non
1950 2248 2070 2292 satis

579 2318 812 2372 apposite
828 2316 1030 2361 incuria
1051 2315 1284 2372 pictoris3
1306 2317 1506 2362 idcirco
1524 2329 1647 2361 eam
1664 2317 1751 2362 hic
1767 2319 1927 2373 paulo

946 2386 1180 2432 exactius
1203 2388 1561 2432 exhibendam

1182 2459 1308 2503 duxi

1773 3384 2354 3439 TOPOGRAPHIA
