2638 3952
70 423 166 466 B2r

99 1193 142 1237 m

98 1587 141 1623 15

93 1973 141 2008 20

94 2359 140 2394 25

94 3129 141 3164 35

406 283 1016 338 ASTRONOMIAE
1043 285 1608 339 INSTAURATAE
1635 287 2185 341 MECHANICA
2333 291 2390 341 41

720 430 1266 492 EXPLICATIO
1304 431 1726 493 FABRICAE
1760 432 1874 493 ET

1174 531 1413 593 VSVS.

636 656 1145 712 XCOGITAVIMUS
1165 657 1207 699 81
1227 656 1370 699 aliud
1391 656 1663 711 quoddam
1685 656 2091 701 Instrumentum
2108 659 2396 702 Altitudini-

637 734 735 777 bus
749 746 856 777 una
871 744 996 777 cum
1010 733 1306 777 Azimuthis
1321 733 1391 776 ad
1404 733 1646 778 amussim
1667 734 1937 788 capiendis
1956 734 2224 787 idoneum,
2247 737 2395 791 qu’us

637 811 874 855 formam
908 811 1218 865 praecedens
1252 810 1451 854 indicat
1477 811 1662 866 figura.
1703 811 1900 854 Placuit
1928 815 2108 855 autem
2136 812 2395 868 integrum

637 888 1042 932 semicirculum
1062 888 1199 931 ABC
1225 889 1347 932 loco
1372 887 1693 939 Quadrantis
1724 887 1810 932 hic
1838 888 2109 941 assumere‚
2143 890 2185 932 81
2217 890 2398 934 nihilo-

637 965 812 1009 minus
825 966 978 1021 juxta
993 964 1328 1008 Diametrum
1344 966 1428 1008 AC
1443 966 1585 1020 apud
1600 966 1660 1017 A,
1677 968 1921 1009 centrum
1935 966 2262 1010 Divisionum
2276 979 2398 1011 con-

562 1025 595 1056 ο
637 1042 859 1094 stituere,
881 1054 946 1087 eo
968 1042 1112 1097 quod
1127 1043 1195 1085 fic
1211 1042 1389 1097 singuli
1403 1042 1598 1097 gradus
1610 1043 1663 1085 in
1678 1043 1881 1086 ambitu
1896 1043 2222 1086 Semicirculi
2235 1044 2396 1099 duplo

191 1117 424 1173 majores
444 1119 692 1171 evadant,
715 1131 879 1174 quam
900 1120 935 1162 fi
956 1131 1022 1163 ex
1042 1123 1227 1163 centro
1248 1119 1481 1175 ejusdem
1501 1119 1786 1175 dispertitio
1806 1120 1915 1163 fiat.
1945 1120 2145 1164 Notum
2165 1121 2306 1164 enim
2328 1122 2398 1165 est

191 1205 258 1238 ex
277 1195 560 1240 Elementis
580 1196 854 1249 Euclideis,
884 1197 1135 1252 angulum
1156 1209 1188 1239 a
1208 1199 1392 1240 centro
1416 1197 1600 1240 circuli
1627 1197 1696 1240 ad
1722 1197 2209 1241 circumferentiam
2236 1199 2397 1253 duplo

191 1272 455 1328 majorem
481 1273 580 1317 esse
606 1285 687 1326 eo,
716 1273 806 1328 qui
831 1287 864 1318 a
889 1274 1316 1318 circumferentia
1342 1274 1396 1317 in
1421 1274 1561 1318 hanc
1587 1274 1756 1329 ipsam
1776 1275 1986 1318 ducitur
1999 1275 2151 1330 juxta
2170 1276 2398 1330 proposi-

189 1349 390 1394 tionem
409 1350 717 1394 vicesimam
737 1351 853 1395 libri
872 1351 1025 1408 tertij‚
1053 1352 1095 1395 δι
1121 1363 1214 1395 eas
1235 1363 1357 1406 quae
1376 1354 1639 1406 praeterea
1659 1351 1763 1395 huc
1785 1353 2105 1396 conducunt.
2135 1353 2194 1395 In
2219 1353 2396 1396 medio

189 1427 345 1483 hujus
366 1440 398 1471 a
418 1431 602 1473 centro
624 1429 671 1472 D
691 1429 853 1484 usque
873 1429 927 1472 in
947 1429 1252 1484 supremum
1273 1429 1482 1484 apicem
1499 1429 1537 1472 B
1555 1429 1756 1473 canalis
1776 1429 1994 1484 quidam
2009 1429 2080 1473 est
2094 1429 2397 1482 Quadratus

190 1505 462 1560 oblongus,
484 1506 622 1550 intra
643 1517 803 1561 quem
822 1506 1277 1561 perpendiculum,
1300 1506 1450 1562 eujus
1470 1506 1750 1561 plumbum
1764 1506 1817 1550 in
1830 1507 2094 1551 foramine
2110 1507 2156 1550 D
2172 1519 2296 1550 cum
2311 1508 2397 1550 ali-

190 1584 294 1636 qua
315 1586 466 1637 parte
485 1582 559 1626 fili
579 1582 913 1636 Orichalcici‚
935 1583 1206 1635 monstrat,
1229 1584 1443 1638 quando
1465 1583 1874 1628 Instrumentum
1893 1585 2398 1639 perpendiculariter

189 1658 425 1703 erectum
450 1661 528 1712 fit3
557 1660 631 1704 ita
656 1664 714 1704 ut
738 1662 898 1716 plano
926 1660 1237 1704 semicirculi
1256 1661 1537 1713 verticalis,
1567 1661 1785 1706 omnino
1813 1662 2239 1716 correspondeat.
2269 1662 2398 1706 Con-

187 1736 501 1792 tignationes
520 1749 666 1790 vero,
696 1750 818 1793 quae
843 1738 966 1782 hinc
992 1737 1114 1781 inde
1137 1738 1204 1781 ab
1226 1740 1450 1792 utraque
1476 1742 1627 1793 parte
1645 1739 1699 1781 in
1719 1738 1955 1782 formam
1974 1740 2213 1782 Arcuum
2232 1740 2398 1782 visun-

187 1816 289 1865 tur,
318 1813 649 1859 stabilimenti
677 1815 859 1859 saltem
884 1816 1006 1859 loco
1028 1814 1280 1858 adhibitae
1310 1815 1438 1866 sunt,
1464 1819 1523 1858 ut
1542 1815 1748 1859 vastum
1774 1816 1916 1859 hunc
1937 1816 2323 1860 semicirculum
2343 1816 2397 1859 in

189 1890 280 1934 suo
306 1892 466 1945 plano
494 1892 535 1935 8ι
561 1891 807 1935 circulari
832 1891 991 1935 ductu
1016 1892 1241 1935 firmiter
1265 1892 1585 1936 contineant.
1615 1893 1792 1936 Habet
1817 1892 1958 1936 enim
1982 1894 2025 1936 is
2047 1893 2099 1936 in
2121 1893 2395 1937 Diametro

189 1967 275 2011 AC
301 1968 389 2011 sex
415 1968 637 2013 cubitos.
666 1970 859 2024 Regula
878 1980 1008 2013 vero
1028 1969 1170 2012 YAV
1195 1969 1286 2024 ipsi
1308 1969 1573 2024 applicata
1598 1972 1804 2013 tantam
1831 1970 1994 2013 habet
2019 1970 2395 2025 longitudinem

191 2044 258 2088 ab
273 2045 319 2087 A
332 2045 386 2088 in
398 2045 460 2098 V,
484 2049 683 2101 quanta
698 2046 768 2090 est
784 2046 1095 2090 semicirculi
1115 2046 1394 2090 diameter:
1418 2047 1459 2090 δι
1479 2047 1687 2102 insuper
1703 2047 2114 2102 prominentiam
2128 2048 2222 2091 AY
2235 2049 2395 2103 paulo

190 2121 491 2166 crassiorem
516 2126 575 2166 ut
600 2134 665 2167 eo
691 2124 1029 2168 commodius
1056 2124 1200 2178 quafi
1229 2123 1282 2166 in
1310 2123 1605 2179 aequilibrio
1632 2125 1823 2180 Regula
1854 2125 2035 2177 attolli,
2068 2125 2396 2180 deprimique

188 2198 357 2254 possit:
388 2200 536 2256 cujus
557 2200 721 2244 etiam
742 2201 909 2256 gratia
931 2201 1037 2245 duo
1058 2201 1341 2245 manubria
1361 2213 1390 2245 e
1411 2201 1575 2245 solido
1597 2201 1814 2246 Metallo
1836 2202 1978 2257 apud
1998 2202 2045 2244 Y
2065 2202 2243 2245 addita
2266 2202 2394 2246 sunt.

187 2275 268 2319 Ab
296 2277 462 2320 altera
488 2288 618 2322 vero
646 2278 758 2322 eius
783 2281 934 2334 parte
960 2279 1202 2334 plumam
1228 2290 1353 2322 cum
1380 2279 1603 2323 cochlea
1628 2279 1791 2323 habet
1811 2279 1962 2334 juxta
1987 2279 2049 2331 X,
2077 2279 2168 2323 ubi
2187 2279 2239 2322 in
2261 2279 2398 2331 Qua-

190 2352 377 2397 drante
395 2366 566 2409 parvo
589 2354 689 2399 ΝΟ
711 2357 1004 2408 coercetur,
1026 2356 1156 2399 utin
1175 2357 1297 2401 loco
1318 2356 1465 2409 stato,
1492 2356 1793 2411 ubicunque
1814 2356 2055 2408 lubuerit,
2083 2360 2398 2412 permaneat

189 2430 396 2486 Regula,
419 2431 590 2476 donec
610 2436 893 2476 numerata
912 2432 1068 2477 fuerit
1080 2433 1331 2485 Altitudo,
1353 2433 1406 2476 in
1424 2436 1741 2489 quacunque
1754 2433 1902 2477 limbi
1915 2434 2070 2489 huJus
2085 2434 2397 2478 semicirculi

187 2510 339 2562 parte
359 2519 425 2551 ea
443 2510 569 2553 tunc
590 2509 864 2553 transierit.
893 2510 973 2554 Est
998 2510 1160 2554 etiam
1181 2510 1285 2555 hoc
1307 2510 1697 2555 semicirculare
1718 2510 2126 2555 Instrumentum
2146 2511 2399 2566 undiqua-

189 2595 292 2638 que
321 2584 668 2630 Orichalcicis
699 2587 926 2640 laminis,
959 2590 1118 2643 prout
1149 2599 1283 2643 opus
1317 2588 1403 2639 est,
1437 2587 1726 2640 inductum,
1761 2589 1802 2631 &
1833 2588 1996 2632 habet
2030 2588 2262 2643 superius
2290 2591 2398 2632 tres

187 2660 442 2716 imagines
469 2662 676 2707 affabre
702 2663 755 2706 in
782 2664 944 2708 solido
971 2664 1109 2719 ligno
1138 2664 1423 2709 artificiose
1444 2665 1755 2720 exsculptas,
1786 2668 1944 2719 atque
1965 2666 2037 2708 ita
2057 2665 2326 2720 dispositas
2345 2666 2398 2709 in

191 2737 291 2780 suis
310 2737 455 2782 isthic
475 2739 845 2794 pedestalibus,
863 2741 937 2784 uti
957 2740 1010 2784 in
1029 2741 1197 2796 figura
1219 2745 1462 2797 apparet:
1484 2742 1643 2796 idque
1662 2746 1777 2785 tam
1791 2745 2010 2786 ornatus
2027 2742 2210 2797 gratia,
2234 2755 2397 2797 quam

189 2818 245 2858 ut
275 2814 470 2870 aliquid
497 2816 658 2860 etiam
686 2817 774 2860 sua
804 2818 1269 2873 repraesentatione
1298 2819 1715 2875 hyeroglyphice
1744 2823 2012 2862 moneant.
2045 2819 2124 2863 Est
2153 2819 2294 2863 enim
2324 2820 2398 2862 su-

188 2903 376 2946 prema
403 2893 660 2946 omnium,
687 2894 842 2949 ipsius
862 2894 1078 2939 Vraniae
1098 2895 1151 2939 in
1170 2896 1504 2941 Astronomia
1525 2896 2019 2951 hyeroglyphicum.
2042 2896 2201 2952 Virgo
2223 2896 2294 2940 est
2314 2897 2398 2941 de-

189 2979 319 3013 cora
350 2969 392 3012 ἃ
422 2970 674 3023 formosa,
714 2971 852 3015 facie
884 2971 936 3015 in
969 2972 1174 3016 Coelum
1208 2973 1410 3017 sublata
1441 2973 1591 3017 Astra
1622 2973 1845 3026 intuens,
1884 2985 1947 3017 ac
1981 2974 2198 3017 dextera
2233 2986 2396 3017 manu

190 3044 471 3101 Sphaeram
485 3047 781 3091 Coelestium
796 3048 1188 3093 revolutionum
1204 3051 1465 3102 attollens,
1488 3050 1682 3094 sinistra
1697 3050 1955 3105 recipiens
1973 3062 2052 3102 ea,
2076 3062 2196 3104 quae
2218 3050 2397 3094 ambae

190 3121 465 3167 inferiores
487 3127 646 3178 atque
661 3124 839 3168 subtus
854 3125 1060 3179 stantes,
1082 3129 1343 3181 tanquam
1363 3127 1695 3182 pedissequae‚
1717 3127 2003 3182 porrigunt.
2028 3127 2184 3171 Color
2201 3127 2397 3171 tunicae

190 3199 301 3255 eius
321 3199 392 3243 est
412 3200 700 3253 Coeruleus‚
730 3202 903 3246 aureis
923 3202 1132 3247 stellulis
1151 3203 1478 3256 intertextus,
1500 3204 1541 3246 8ι
1561 3204 1784 3260 fimbrijs
1812 3204 2084 3259 argenteis.
2114 3204 2247 3256 Quae
2266 3215 2395 3248 vero

191 3288 222 3319 a
242 3275 436 3320 sinistro
458 3278 622 3321 latere
643 3278 871 3331 subsistit,
901 3279 1222 3324 Geometriae
1243 3281 1372 3324 Icon
1391 3281 1483 3325 est:
1511 3280 1716 3325 habens
1742 3281 1795 3324 in
1821 3281 2038 3324 dextera
2059 3293 2223 3324 manu
2241 3281 2397 3324 trian-

190 3354 384 3407 gulum,
414 3366 573 3407 quem
602 3355 780 3398 versus
800 3355 1192 3400 Astronomiam
1220 3358 1427 3401 attollit:
1457 3358 1509 3400 in
1537 3348 1706 3401 altera*
1729 3369 1857 3401 vero
1880 3357 2166 3401 Circinum:
2196 3357 2396 3409 Quibus

332 3426 354 3460 ⁶
2147 3440 2394 3488 innuere
