2638 3952
365 235 976 290 ASTRONOMIAE
1003 235 1572 289 INSTAURATAE
1597 236 2146 290 MECHANICA
2279 238 2358 291 151

153 375 326 428 dente,
352 374 473 419 haec
499 376 553 419 in
577 375 731 419 unius
753 375 961 419 Gradus
982 375 1215 419 Minutiis
1235 375 1475 419 secundis
1497 375 1755 419 subdivisa
1775 376 1904 419 sunt.
1933 376 2139 420 Caetera
2163 388 2284 431 quae
2307 376 2360 420 in

153 445 261 501 ipsa
276 446 447 490 Insula
461 450 763 498 cernuntur,
780 447 847 490 sic
861 446 1215 502 intelligenda:
1238 446 1298 490 A.
1314 446 1424 489 Arx
1437 445 1846 501 Vraniburgum.
1868 446 1920 489 B.
1937 446 2357 502 Stellaeburgum.

153 516 206 560 C.
228 517 491 561 Praedium
512 517 860 562 Oeconomiae
886 517 1214 561 destinatum.
1244 517 1307 561 D.
1330 516 1560 560 Officina
1587 516 1869 569 artificum,
1896 516 2263 561 Astronomica
2283 518 2361 561 In-

153 587 456 640 strumenta,
478 587 519 631 &
540 588 645 631 alia
663 588 1056 632 fabricantium.
1079 589 1132 631 E.
1150 587 1295 632 Mola
1308 589 1466 631 alata.
1489 587 1539 630 F.
1555 588 1721 643 Pagus
1734 587 1807 631 40.
1825 587 2033 631 circiter
2045 588 2358 632 rusticorum

81 666 104 701 5
153 658 507 711 habitationes
533 659 823 703 continens.
855 659 915 703 G.
947 659 1228 703 Moletrina
1254 670 1462 714 papyro
1489 658 1839 702 conficiendae
1864 658 2163 711 inserviens,
2193 660 2360 703 simul-

75 737 103 780 ·1·
153 741 255 785 que
282 729 608 774 frumentum
634 733 826 782 terens,
854 731 896 774 81
921 730 1129 784 insuper
1156 730 1318 785 pelles
1343 730 1521 773 varias
1549 741 1883 784 praeparans:
1916 741 2037 784 quae
2065 730 2166 773 tria
2196 741 2359 785 opera

150 800 308 845 unica
335 801 631 856 eademque
657 801 896 845 maxima
922 804 1041 845 rota
1066 804 1181 844 tam
1207 801 1356 844 simul
1378 812 1542 855 quam
1563 798 1855 844 disiunctim
1875 800 2095 855 perficit.
2126 801 2191 845 H.
2212 802 2360 846 Tem-

150 873 314 927 plum.
346 872 383 916 1.
413 871 607 916 Forum
630 872 879 928 judiciale
909 872 1249 916 Rusticorum.
1283 871 1496 915 K.L.M.
1524 871 1735 915 Piscinae
1765 871 2012 927 majores,
2043 884 2271 926 quarum
2298 873 2355 916 L.

153 942 450 987 Moletrinae
476 943 820 998 appropriata
845 943 1127 998 profundae
1155 942 1441 986 altitudinis
1467 942 1554 994 est,
1581 943 1623 986 ἃ
1650 954 1838 998 aggere
1863 942 2182 987 incredibilis
2204 943 2358 988 molis

60 1021 103 1056 10
152 1013 389 1067 fundata,
422 1017 481 1057 ut
512 1026 776 1069 aquarum
806 1014 861 1057 in
892 1014 1065 1069 copia,
1100 1014 1398 1058 moletrinae
1430 1012 1821 1056 inservientium
1854 1013 1912 1056 sit
1943 1016 2355 1069 receptaculum.

151 1085 254 1129 Hae
273 1085 598 1140 reliquaeque
618 1085 830 1140 piscinae
849 1085 922 1129 60.
945 1085 1154 1129 circiter
1173 1096 1414 1137 numero,
1436 1096 1690 1140 magnam
1707 1084 1922 1139 copiam
1936 1084 2156 1139 piscium
2171 1085 2357 1129 diversi

149 1156 352 1212 generis
384 1156 730 1209 continentes,
763 1156 816 1200 in
846 1156 999 1200 usum
1028 1155 1184 1199 dictae
1213 1156 1509 1200 moletrinae
1541 1155 1684 1198 facili
1716 1155 1942 1210 negotio,
1977 1156 2191 1210 quando
2225 1167 2358 1211 opus

150 1227 320 1281 fuerit,
342 1239 441 1282 pro
461 1227 653 1283 majori
672 1231 823 1282 parte
843 1231 1215 1272 exonerantur.
1245 1227 1306 1271 Ο.
1328 1228 1543 1270 Pratum
1562 1226 1804 1282 palustre,
1831 1227 1963 1270 alnis
1985 1227 2186 1282 aliquot
2206 1227 2359 1271 assur-

150 1311 290 1354 gens.
313 1299 368 1342 T.
389 1298 585 1343 Pascua
612 1298 832 1342 arbustis
858 1298 1121 1342 nonnullis
1143 1298 1196 1341 in
1219 1298 1351 1342 locis
1371 1298 1586 1342 consita.
1617 1297 1677 1340 N.
1701 1297 1919 1353 Sylvula
1940 1298 2257 1353 Corylorum
2284 1299 2359 1342 lit-

59 1376 137 1419 1⁵·1·
149 1372 267 1413 tore
296 1370 465 1414 Boreo
500 1373 744 1425 opacata.
778 1371 826 1413 P.
841 1369 902 1422 Q.
917 1369 1033 1413 R.S.
1064 1369 1276 1425 vestigia
1299 1369 1343 1413 4.
1372 1369 1608 1421 Arcium‚
1643 1381 1765 1424 quae
1796 1369 1867 1412 ibi
1900 1369 2026 1412 olim
2059 1370 2356 1413 extiterunt.

152 1440 306 1485 Hanc
327 1441 556 1484 Insulam
583 1452 708 1485 cum
734 1440 1101 1485 laudatissimae
1126 1440 1406 1485 memoriae
1427 1441 1534 1484 Rex
1554 1440 1936 1483 FRIDERICVS
1958 1440 2019 1483 11.
2047 1440 2175 1483 mihi
2200 1441 2269 1484 ad
2289 1441 2359 1484 vi-

149 1515 263 1555 tam
295 1511 627 1565 concessisset,
667 1512 825 1567 idque
859 1512 1021 1556 literis
1052 1512 1107 1555 in
1137 1513 1456 1556 membrana
1488 1511 1626 1555 datis
1658 1510 2028 1563 confirmasset‚
2070 1523 2174 1566 quo
2212 1512 2357 1556 isthic

151 1583 517 1628 Astronomica
547 1586 884 1638 competente
914 1583 1022 1627 otio
1051 1595 1362 1639 peragerem
1391 1583 1570 1640 (veluti
1597 1583 1638 1626 δι
1663 1582 1808 1637 prius
1838 1594 2050 1637 quoque
2074 1583 2359 1640 innuimus)

149 1654 384 1710 ingentes
410 1654 623 1698 labores
649 1655 691 1698 &
718 1655 954 1710 sumptus
979 1655 1033 1698 in
1058 1666 1181 1698 eam
1207 1655 1449 1710 expendi,
1477 1658 1534 1698 ut
1560 1654 1746 1709 optimi
1770 1653 1905 1697 illius
1929 1654 2075 1709 Regis
2098 1655 2358 1698 voluntati

55 1732 102 1767 20
152 1725 192 1768 δι
221 1725 410 1768 Patriae
437 1725 630 1770 honori
659 1726 981 1778 inservirem,
1012 1737 1120 1770 non
1150 1726 1318 1770 solum
1347 1726 1587 1770 aedificiis
1616 1725 1894 1780 splendidis
1923 1725 1964 1767 81
1993 1725 2166 1770 solidis
2194 1726 2247 1769 in
2275 1728 2355 1779 εέ,

150 1801 308 1851 prout
327 1797 619 1840 indicatum
639 1797 725 1849 est,
748 1796 1020 1849 extrucstis3
1043 1797 1131 1841 sed
1151 1798 1192 1840 ἃ
1212 1797 1363 1852 aquis
1384 1809 1547 1852 quam
1564 1796 1803 1852 plurimis
1818 1795 1927 1852 (ubi
1940 1796 2066 1840 nihil
2079 1798 2184 1840 tale
2199 1801 2357 1841 antea

150 1869 284 1924 erat)
309 1867 432 1912 hinc
458 1868 579 1912 inde
605 1869 955 1921 coacervatis,
985 1880 1090 1923 quo
1117 1868 1457 1912 moletrinam
1477 1869 1684 1923 Papyro
1703 1868 1961 1923 parandae
1981 1867 2231 1912 idoneam
2250 1870 2356 1912 una

149 1938 296 1983 isthic
329 1939 399 1983 ad
430 1939 573 1983 littus
605 1940 769 1983 maris
801 1939 1188 1992 constituerem,
1228 1951 1350 1994 quae
1380 1951 1648 1995 papyrum
1678 1939 2067 1995 Typographiae
2098 1951 2237 1983 meae
2268 1940 2358 1983 ibi—

151 2010 274 2054 dem
300 2011 529 2055 excultae
550 2010 919 2066 suppeditaret,
947 2015 1014 2054 ne
1034 2022 1064 2055 e
1084 2010 1370 2055 Germania
1397 2022 1504 2055 non
1530 2011 1634 2055 fine
1660 2010 1971 2054 difficultate
1994 2011 2356 2066 conquirenda

55 2087 102 2122 25
151 2081 303 2126 foret.

72 2158 101 2201 ·1·
222 2152 535 2196 INSVMPSI
556 2156 736 2196 autem
755 2154 809 2197 in
828 2154 948 2197 haec
970 2153 1152 2197 omnia
1170 2155 1310 2197 ultra
1327 2156 1550 2198 tonnam
1572 2153 1701 2196 auri.
1724 2153 2071 2208 Quaecunque
2090 2153 2231 2197 enim
2252 2154 2357 2197 five

150 2235 181 2268 e
200 2224 469 2268 beneficiis
484 2225 665 2280 Regiis,
688 2225 792 2268 five
812 2224 1038 2280 propriis
1057 2224 1310 2268 reditibus
1331 2224 1520 2268 annuis
1540 2225 1853 2279 conquirere
1873 2225 2033 2276 licuit,
2054 2224 2108 2267 in
2124 2236 2217 2268 eos
2235 2224 2356 2268 usus

150 2295 540 2350 expendebam:
562 2295 632 2340 Vt
652 2296 718 2340 de
739 2295 987 2340 molestiis
1001 2295 1327 2340 &laboribus
1347 2296 1656 2351 ingentibus,
1677 2307 1810 2351 quos
1826 2295 1971 2340 isthic
1989 2307 2085 2351 per
2098 2307 2267 2339 annos
2280 2295 2353 2339 21.

151 2365 372 2418 sustinui,
399 2366 527 2410 nihil
553 2367 766 2411 addam.
796 2368 872 2410 Ex
896 2366 978 2410 his
1004 2367 1045 2410 81
1072 2366 1186 2410 aliis
1212 2367 1382 2422 quivis
1408 2368 1660 2412 cordatus
1686 2367 1841 2411 facile
1865 2366 2126 2411 aestimare
2147 2367 2354 2421 poterit,

54 2442 102 2478 30
149 2449 238 2482 me
257 2449 365 2482 non
383 2438 475 2482 nisi
495 2438 802 2494 gravissimis
822 2439 888 2482 de
909 2437 1110 2490 caussis,
1137 2438 1431 2493 praesertim
1450 2438 1503 2481 in
1522 2438 1625 2482 hac
1647 2438 2097 2494 quinquagenaria
2116 2441 2292 2490 aetate‚
2315 2438 2356 2480 81

150 2511 343 2565 magna
361 2509 580 2554 familiae
595 2510 750 2565 copia
766 2510 995 2553 Insulam
1008 2510 1141 2553 tanti
1155 2509 1499 2562 constantem,
1520 2521 1733 2564 unaque
1747 2510 1976 2553 Patriam
1991 2509 2353 2562 dulcissimam,

148 2580 306 2635 inque
326 2583 390 2624 ea
411 2580 657 2636 sanguine
671 2579 881 2636 junctos
902 2583 1060 2635 atque
1073 2581 1291 2624 Amicos
1306 2581 1730 2636 quamplurimos
1748 2580 2035 2625 deseruisse.
2059 2581 2192 2633 Quae
2206 2592 2353 2633 vero,

150 2654 454 2707 quantaque
474 2663 562 2695 me
583 2652 652 2695 ad
671 2652 776 2695 hoc
796 2651 1116 2707 impulerint,
1137 2653 1322 2696 volens
1342 2652 1428 2695 hic
1451 2652 1699 2696 subticeo.
1729 2651 1945 2696 Interim
1965 2651 2354 2696 Serenissimum

149 2722 340 2778 Regem
371 2734 555 2766 meum
588 2722 1050 2766 CHRISTIANVM
1084 2722 1170 2766 IV.
1211 2723 1503 2766 Dominum
1536 2723 2015 2776 Clementissimum,
2056 2723 2145 2778 qui
2176 2724 2356 2767 lauda-

53 2797 100 2833 35
147 2792 351 2837 tissimae
370 2794 651 2838 memoriae
671 2794 808 2837 Patri
828 2793 1173 2837 FRIDERICO
1195 2794 1315 2849 Regi
1333 2793 1530 2838 horum
1548 2793 1695 2838 isthic
1717 2794 1985 2838 fundatori
1999 2795 2041 2838 8ι
2058 2793 2355 2849 promotori

147 2876 315 2919 nuper
335 2864 581 2917 successit,
608 2865 795 2908 lubens
818 2865 1127 2908 excusatum
1153 2864 1345 2908 habeo.
1376 2865 1559 2919 Neque
1579 2865 1722 2909 enim
1742 2865 1971 2921 ambigo,
1993 2865 2029 2908 fi
2048 2864 2354 2920 tempestive

147 2935 189 2977 ἃ
210 2934 542 2988 sufficienter,
571 2948 692 2990 quae
718 2935 823 2979 hoc
849 2936 1119 2991 negotium
1139 2936 1313 2991 Regno
1334 2936 1557 2980 fortassis
1576 2947 1684 2980 non
1706 2936 2119 2980 inhonorificum
2140 2947 2354 2980 concer-

147 3009 292 3058 nunt,
319 3006 410 3061 ipfi
437 3007 702 3061 proposita
729 3006 948 3058 fuissent,
978 3006 1104 3061 quin
1128 3018 1226 3061 pro
1253 3009 1333 3059 ea,
1363 3009 1468 3062 qua
1494 3007 1566 3051 est
1592 3007 1824 3051 Heroica
1850 3007 2052 3050 Natura
2078 3007 2120 3049 ἃ
2146 3006 2352 3062 ingenio

146 3076 449 3131 perspicaci,
482 3077 842 3132 generosoque
871 3078 1068 3129 animo,
1103 3078 1144 3121 81
1177 3078 1246 3121 ad
1274 3077 1528 3133 ingenuas
1556 3078 1710 3121 Artes
1741 3078 2002 3133 propenso
2035 3079 2354 3122 excellenter

51 3151 99 3187 4ο
146 3147 416 3201 praeditus,
437 3147 557 3192 haec
578 3148 798 3203 Regibus
819 3148 1107 3204 dignissima
1127 3147 1293 3192 studia
1313 3148 1610 3192 Clementer
1628 3149 1670 3192 81
1689 3148 1975 3193 liberaliter
1992 3149 2046 3192 in
2067 3149 2157 3193 suo
2178 3149 2352 3204 Regno

148 3218 553 3262 conservaturus
580 3230 644 3263 ac
670 3222 1077 3274 perpetuaturus
1101 3218 1284 3263 fuisset.
1313 3218 1416 3262 Sed
1440 3219 1576 3262 forte
1597 3219 1665 3263 sic
1686 3222 1801 3263 erat
1821 3219 1872 3262 in
1892 3219 2029 3272 fatis,
2058 3231 2164 3275 quo
2183 3220 2353 3264 Astro-

147 3289 345 3333 nomiae
365 3288 674 3333 restauratio
693 3290 850 3333 latius
870 3291 1309 3345 promulgaretur,
1331 3293 1492 3344 atque
1510 3289 1854 3334 universalior
1869 3290 2192 3335 redderetur.
2215 3289 2352 3342 Quin

2164 3363 2217 3416 &
2236 3363 2351 3416 hoc
