2638 3952
268 261 337 313 74
482 259 1094 313 ASTRONOMIAE
1120 259 1686 313 INSTAURATAE
1711 260 2260 314 MECHANICA

267 401 319 443 in
345 400 406 455 ijs
430 400 577 451 lociS‚
606 400 696 443 ubi
714 399 834 443 haec
856 399 1179 442 ferramenta
1198 399 1478 443 Armillam
1497 400 1642 443 illam
1663 400 1947 452 continent,
1975 399 2095 444 octo
2117 401 2354 445 cochleae
2374 400 2471 444 fer-

267 489 391 529 reae,
419 489 541 531 quae
566 477 879 520 laminulam
904 477 1190 520 rotundam
1214 477 1255 519 81
1278 477 1696 532 circumquaque
1721 477 1774 519 in
1801 477 2090 532 oblongum
2116 476 2387 530 resectam,
2413 481 2470 520 ut

267 554 424 598 instar
442 555 642 609 plumae
661 553 940 597 utilitatem
959 553 1172 606 habeat,
1195 553 1366 598 Globo
1388 553 1615 609 adigant,
1636 556 1695 597 ut
1709 553 1966 597 tenaciter
1978 553 2039 610 ijs
2053 554 2471 609 comprehenda-

265 635 366 684 tur,
399 642 462 675 ac
493 631 1001 686 quomodocumque
1027 631 1495 683 circumvolvatur,
1526 630 1714 674 firmus
1743 634 1974 674 maneat.
2008 630 2142 676 Haec
2167 642 2297 676 vero
2327 632 2471 675 semi-

267 708 546 753 circularia
574 708 899 752 ferramenta
928 707 1143 751 interius
1169 707 1331 752 etiam
1356 709 1520 751 talem
1549 707 1748 751 habent
1774 709 2031 763 plumam,
2058 708 2112 751 in
2138 710 2243 763 qua
2270 708 2470 753 Globus
2519 720 2542 756 5

266 786 459 830 utiliter
487 786 701 840 quiescit
730 798 851 840 quae
880 796 1022 829 nona
1051 785 1136 829 est.
1170 785 1409 828 Exterius
1438 788 1618 828 autem
1648 785 1910 840 quadrato
1940 786 2176 840 quodam
2205 785 2367 839 ferro,
2399 785 2471 829 in-

265 863 428 907 terius
457 874 594 907 cavo
624 863 837 906 cuidam
868 863 1147 917 quadratae
1177 863 1445 906 columnae
1474 861 1660 917 ligneae
1689 862 1937 918 affigitur:
1971 875 2092 918 quae
2121 864 2373 907 columna
2400 863 2472 906 in-

267 940 427 984 ferius
449 940 726 995 pedestale,
754 940 898 995 quod
918 940 1063 984 circa
1084 940 1131 982 K
1150 939 1329 983 literas
1348 940 1541 992 visitur,
1568 940 1765 992 transit,
1791 940 1865 983 ita
1883 943 1942 983 ut
1959 940 2014 983 in
2033 951 2098 985 eo
2120 940 2287 984 attolli
2306 940 2473 996 depri-

266 1018 444 1072 mique
464 1017 627 1072 possit,
649 1018 690 1060 81
712 1020 858 1061 certo
878 1018 1017 1070 loco,
1041 1020 1200 1072 prout
1220 1017 1600 1061 observationis
1621 1017 1978 1061 commoditas
1998 1017 2229 1072 requirit,
2249 1017 2468 1061 firmari.

267 1095 326 1138 In
340 1094 727 1139 Declivioribus
747 1095 888 1138 enim
903 1094 1165 1150 Distantijs
1186 1094 1456 1149 capiendis
1477 1094 1802 1137 demittenda
1822 1094 1893 1138 est
1912 1095 2178 1138 columna.
2202 1095 2261 1137 In
2281 1094 2472 1138 altiori-

267 1172 365 1215 bus
385 1172 660 1225 elevanda,
687 1175 746 1215 ut
771 1171 1157 1216 collimationes
1178 1172 1281 1215 fine
1302 1171 1537 1215 molestia
1560 1171 1744 1226 perfici
1765 1174 1974 1226 queant.
2002 1173 2164 1215 Porro
2183 1171 2473 1226 imponitur

265 1249 371 1304 ipse
392 1249 599 1292 sextans
621 1249 853 1304 superius
868 1250 1019 1305 Juxta
1040 1249 1285 1293 foramen
1304 1250 1358 1302 E,
1385 1249 1461 1291 uti
1481 1248 1726 1300 diximus,
1746 1248 1870 1292 huic
1893 1248 2080 1301 Globo,
2110 1249 2198 1304 qui
2217 1248 2288 1291 illi
2309 1248 2472 1305 subJ'a-

266 1329 365 1378 cet,
395 1329 553 1381 atque
579 1338 704 1370 cum
729 1327 838 1381 ipso
862 1327 915 1369 in
935 1326 1159 1381 quodvis
1180 1327 1410 1369 duarum
1430 1325 1695 1369 stellarum
1720 1326 1940 1380 planum
1960 1327 2309 1370 convolutum
2329 1337 2473 1370 com-

265 1403 557 1447 modissime
583 1404 836 1459 dirigitur:
868 1404 1043 1458 thue
1061 1403 1269 1446 firmius
1288 1403 1375 1455 ibi,
1403 1403 1573 1446 donec
1595 1403 1892 1447 observatio
1918 1402 2135 1458 peracta
2161 1403 2247 1456 est,
2276 1403 2471 1458 absque

263 1480 599 1525 vacillatione
620 1484 953 1536 permaneat3
976 1482 1082 1524 duo
1104 1480 1376 1536 oblongi&
1395 1483 1588 1524 teretes
1608 1480 1784 1523 baculi
1804 1480 1825 1522 Ι
1836 1480 1890 1523 Μ
1909 1481 1950 1523 8ι
1968 1479 2069 1524 ΝΟ
2090 1480 2306 1525 inferius
2319 1481 2471 1537 juxta

266 1558 320 1601 M
349 1559 389 1601 ἃ
417 1557 461 1601 O
490 1558 857 1602 acuminatum
883 1558 1191 1602 ferriculum
1215 1557 1474 1601 habentes
1501 1557 1665 1600 additi
1691 1557 1820 1609 sunt,
1850 1560 1909 1600 ut
1932 1557 2240 1613 pavimento
2266 1557 2472 1601 firmius

264 1635 567 1687 innitantur,
595 1635 684 1690 qui
711 1635 944 1690 superius
964 1635 1116 1691 Juxta
1141 1636 1176 1677 P
1199 1634 1506 1678 decussatim
1533 1635 1636 1678 sese
1660 1634 2123 1690 transgrediuntur.
2152 1636 2358 1690 Easque
2385 1634 2473 1678 ob-

266 1712 594 1755 servatorum
614 1724 750 1756 unus
770 1712 841 1755 ibi
860 1725 1025 1756 manu
1046 1712 1294 1765 continet,
1317 1712 1359 1755 8ι
1377 1714 1536 1767 prout
1555 1711 1796 1764 voluerit,
1819 1712 1962 1767 regit.

337 1789 510 1833 USUS
543 1789 873 1833 Instrumenti
913 1790 1048 1833 duos
1085 1789 1301 1844 requirit
1334 1788 1722 1841 observatores3
1765 1800 1994 1843 quorum
2030 1801 2167 1833 unus
2205 1789 2472 1844 applicato

266 1868 421 1910 oculo
449 1867 518 1910 ad
543 1866 906 1921 pinnacidium
925 1867 1096 1910 fixum
1116 1867 1268 1922 Juxta
1289 1866 1327 1909 C
1346 1877 1442 1921 per
1461 1866 1572 1922 eJus
1591 1866 1827 1918 rimulas,
1857 1866 2059 1910 stellam
2080 1866 2324 1921 quamvis
2349 1865 2471 1909 hinc

263 1943 385 1987 inde
405 1944 549 1987 circa
571 1944 880 1999 Cylindrum
898 1945 943 1987 A
963 1944 1122 1996 videt,
1151 1944 1325 1998 ficque
1350 1943 1636 1987 immotum
1660 1946 1804 1987 tenet
1830 1944 2122 1987 sextantem
2150 1943 2472 1987 adminiculo

264 2020 579 2065 bacillorum
611 2033 777 2077 prope
806 2022 854 2064 P.
890 2022 1102 2065 Iacente
1130 2032 1259 2064 vero
1288 2020 1398 2075 ipso
1428 2021 1588 2076 plano
1619 2021 1866 2064 sextantis
1896 2021 1965 2064 ad
1993 2021 2214 2076 planum
2243 2020 2472 2063 duarum

264 2098 544 2150 stellarum,
574 2110 803 2153 quarum
828 2098 1280 2154 intercapedinem
1307 2098 1536 2141 dimetiri
1563 2098 1728 2151 lubet;
1757 2099 1901 2153 quod
1922 2098 2162 2142 officium
2189 2097 2237 2141 ei
2261 2097 2473 2153 praestat

265 2175 481 2228 Globus‚
509 2175 562 2218 in
588 2187 693 2230 quo
719 2176 968 2232 tantisper
988 2176 1339 2227 convolvitur,
1368 2175 1539 2219 donec
1564 2175 1742 2219 ambae
1766 2175 1870 2219 illae
1892 2175 2051 2219 stellae
2072 2176 2216 2219 circa
2235 2175 2348 2231 eJus
2366 2175 2474 2229 pla-

263 2252 444 2296 nitiem
470 2253 718 2296 visuntur.
752 2254 934 2297 Movet
964 2265 1092 2297 mox
1120 2254 1253 2297 alter
1279 2253 1588 2296 observator
1615 2253 1865 2308 Regulam
1895 2264 2020 2296 cum
2051 2253 2140 2296 suo
2169 2251 2470 2307 pinnacidio

265 2330 406 2384 apud
435 2330 498 2382 D,
533 2331 703 2374 donec
734 2331 775 2374 81
803 2331 848 2374 is
876 2343 972 2386 per
999 2331 1219 2374 rimulas
1250 2330 1396 2374 isthic
1426 2330 1651 2373 alteram
1681 2329 1882 2373 stellam
1909 2330 2061 2385 Juxta
2091 2329 2398 2384 Cylindrum
2427 2329 2473 2372 A

262 2407 507 2461 utrinque
528 2407 791 2451 collineet:
815 2408 979 2463 quue
992 2411 1105 2451 tarn
1121 2407 1209 2450 diu
1222 2407 1551 2459 tentandum,
1575 2407 1746 2450 donec
1763 2410 1984 2461 uterque
1999 2406 2309 2450 observator
2323 2405 2473 2449 fimul

266 2484 307 2526 81
328 2484 486 2527 semel
508 2484 656 2527 suam
677 2485 969 2528 collinearit
989 2485 1210 2529 stellam:
1231 2487 1453 2539 tumque
1474 2483 1600 2528 dato
1622 2484 1762 2539 [igno
1780 2495 1875 2539 per
1893 2484 2079 2527 sonum
2093 2483 2216 2536 oris,
2238 2482 2473 2526 absisten-

266 2561 410 2613 dum,
433 2561 474 2604 8ι
495 2562 924 2606 circumferentia
946 2562 1194 2605 sextantis
1213 2562 1267 2605 in
1288 2562 1378 2605 suo
1399 2561 1613 2617 globoso
1634 2560 1806 2604 fulcro
1825 2560 2146 2604 retrahenda
2167 2560 2235 2603 ad
2257 2560 2473 2604 oculum

265 2638 543 2693 cujuslibet
572 2638 945 2692 observatoris3
976 2642 1034 2682 ut
1063 2639 1351 2683 commode
1379 2638 1832 2693 intercapedinem
1859 2638 1951 2680 CD
1980 2637 2292 2693 pinnacidijs
2319 2636 2473 2680 inter-

265 2718 494 2770 ceptam,
517 2727 680 2770 quam
701 2717 1027 2770 quaerebant,
1049 2727 1333 2759 numerare
1347 2715 1509 2770 possit.
1532 2716 1692 2759 Porro
1708 2717 1765 2758 ut
1779 2715 2012 2758 minores
2027 2715 2189 2758 etiam
2203 2712 2472 2758 Distantiae

264 2792 368 2835 hoc
390 2793 583 2836 eodem
605 2793 838 2836 sextante
852 2793 1140 2837 commode
1155 2792 1453 2847 capiantur3
1477 2791 1846 2835 adinvenimus
1866 2792 1970 2836 hoc
1992 2791 2393 2847 compendium;
2415 2794 2472 2834 ut

264 2870 430 2924 posito
452 2869 555 2913 alio
577 2869 826 2924 Cylindro
848 2870 990 2925 apud
1010 2870 1064 2922 F,
1089 2870 1130 2912 81
1158 2869 1262 2914 alio
1289 2868 1592 2924 pinnacidio
1613 2869 1765 2924 juxta
1786 2868 1847 2921 G,
1876 2881 1998 2923 quae
2019 2869 2125 2912 duo
2146 2867 2472 2923 aequidistent

263 2946 354 2989 AE
373 2947 660 2990 transeunti
680 2959 712 2990 a
733 2947 923 2991 Centro
943 2947 998 2990 in
1018 2946 1462 2990 circumferentiae
1482 2946 1740 2998 medium;
1766 2946 1807 2989 8ι
1831 2947 1997 2989 altero
2019 2945 2358 2989 observatore
2377 2955 2477 2999 per

265 3023 368 3066 hoc
394 3023 771 3078 pinnacidium,
801 3024 1049 3078 huncque
1076 3023 1383 3079 Cylindrum
1410 3022 1731 3077 dispiciente;
1764 3023 1930 3066 altero
1961 3026 2141 3066 autem
2169 3021 2470 3077 pinnacidio

266 3100 335 3142 ad
358 3100 421 3152 D,
447 3100 487 3143 81
512 3100 759 3155 Cylindro
779 3101 824 3143 A
845 3101 1163 3153 attendente,
1192 3099 1445 3144 Distantia
1471 3099 1736 3143 stellarum
1763 3112 1795 3143 a
1823 3099 2000 3143 medio
2028 3097 2470 3143 circumferentiae

259 3177 410 3232 juxta
429 3177 751 3221 tricesimum
773 3177 1012 3220 Gradum
1031 3177 1192 3232 usque
1212 3177 1264 3220 in
1284 3176 1644 3232 pinnacidium
1665 3177 1711 3219 D
1733 3177 2067 3220 numeranda
2085 3175 2250 3227 venit;
2278 3175 2468 3229 licque,

266 3265 429 3307 quam
454 3265 622 3308 parva
648 3254 811 3297 etiam
837 3254 1007 3307 fuerit,
1035 3254 1162 3297 nihil
1187 3254 1408 3309 impedit
1434 3253 1832 3297 observatorem
1857 3256 2136 3307 utrunque,
2165 3263 2270 3307 quo
2296 3251 2470 3295 minus

265 3329 451 3374 haberi
478 3334 651 3385 queat.
680 3332 831 3374 Plura
852 3332 887 3374 fi
909 3331 974 3374 de
999 3330 1104 3375 hoc
1125 3330 1472 3375 Instrumento
1500 3330 1780 3383 desideras,
1809 3329 2020 3373 consule
2040 3328 2471 3384 Progymnasma-

2341 3414 2468 3460 tum

2523 1105 2566 1141 10

2523 1492 2566 1528 15

2520 1877 2568 1913 20

2520 2263 2567 2299 25

2519 3032 2565 3069 35
