2638 3952
254 292 311 344 18
466 290 1074 344 ASTRONOMIAE
1101 288 1666 342 INSTAURATAE
1693 288 2242 342 MECHANICA

252 430 396 474 thali.
426 429 687 482 Cochleae,
717 441 837 484 quae
858 429 1002 473 circa
1022 428 1187 473 did’tas
1206 429 1384 472 literas
1403 428 1637 472 visuntur
1655 431 1778 481 tres,
1803 431 1918 471 tum
1939 439 2151 483 quoque
2171 432 2361 483 quarta
2381 429 2448 472 ab

253 502 420 545 altera
447 504 598 555 parte
626 502 815 552 latens;
848 500 1099 552 efficiunt,
1130 503 1186 543 ut
1214 512 1309 555 per
1337 512 1428 543 eas
1456 499 1695 543 Horizon
1722 499 1806 542 ille
1835 499 2129 553 chalybeus
2154 499 2207 542 in
2232 500 2450 554 planum

255 571 557 616 Horizontis
571 571 683 614 veri
703 569 886 614 exacte
904 571 1104 626 disponi
1118 571 1286 626 possit:
1309 572 1551 625 adeoque
1565 570 1670 625 ipse
1685 570 1918 624 superius
1935 569 2155 614 existens
2170 569 2450 622 Quadrans

252 643 349 686 rite
367 646 482 686 tam
503 643 790 686 secundum
809 642 1164 697 aequilibrium
1185 641 1505 693 Horizontis,
1528 653 1692 696 quam
1711 641 1890 684 versus
1911 640 2094 683 Zenith
2113 643 2338 696 utroque
2358 641 2449 686 suo

252 716 417 758 latere
437 713 604 768 dirigi:
630 713 776 756 Licet
791 714 831 756 8ι
847 712 950 755 alia
964 713 1116 768 juxta
1136 713 1157 755 Ι
1179 713 1238 755 fit
1257 713 1497 764 cochlea,
1520 724 1641 766 quae
1659 712 1828 767 ipsum
1841 712 1894 755 in
1909 711 2178 755 minutulis
2193 711 2450 766 quibusve

253 784 614 828 differentiolis
640 783 819 840 (sicubi
840 795 973 838 opus
991 783 1167 840 fuerit)
1190 783 1439 839 corrigat:
1468 783 1541 831 ita
1560 786 1617 826 ut
1639 783 1708 826 ad
1728 783 1970 826 amussim
1989 783 2208 837 planum
2228 782 2451 840 cuiusvis

253 856 442 900 Circuli
461 854 724 899 verticalis
749 854 803 897 in
830 866 1146 909 quocunque
1167 855 1258 898 suo
1279 855 1373 898 fitu
1393 854 1746 910 repraesentet.
1774 855 1934 898 Porro
1960 853 2190 897 insistunt
2212 853 2452 898 cochleae

250 928 338 970 hae
353 926 655 981 Chalybeae‚
673 928 844 969 totum
861 925 1267 969 Instrumentum
1281 928 1569 980 portantes,
1593 928 1821 980 quatuor
1834 924 2096 968 columnis
2110 924 2449 977 marmoreis;

253 1010 479 1052 quarum
498 1000 605 1040 tres
625 996 754 1039 visui
776 999 1015 1051 patentes
1040 996 1201 1040 literis
1222 997 1365 1039 XYZ
1385 996 1699 1040 indicantur.
1729 995 1931 1047 Quarta
1952 1008 1984 1039 a
2003 995 2275 1051 posteriori
2299 998 2451 1050 parte

250 1069 348 1112 illis
373 1081 485 1123 par,
514 1079 620 1111 non
647 1067 767 1111 satis
795 1070 1030 1122 apparet.
1060 1067 1293 1111 Demum
1311 1068 1449 1111 intra
1468 1067 1587 1111 haec
1609 1070 1838 1122 quatuor
1857 1066 2155 1111 continetur
2174 1067 2451 1111 scamnum

251 1140 356 1183 five
381 1139 642 1194 pedestale
668 1150 763 1193 per
782 1138 916 1190 QRS
937 1139 1214 1193 signatum:
1242 1138 1296 1181 in
1322 1139 1464 1193 quod
1490 1137 1706 1194 peradta
1733 1138 2099 1182 observatione
2119 1137 2453 1182 adscenditur

252 1212 292 1253 81
314 1210 488 1262 statur,
516 1212 573 1253 ut
594 1209 813 1253 altitudo
834 1209 887 1252 in
908 1209 1336 1253 circumferentia
1356 1209 1677 1261 Quadrantis
1698 1209 1978 1253 observata
1999 1209 2286 1254 commode
2305 1209 2347 1253 δι
2367 1220 2452 1254 ac-

251 1285 435 1325 curate
460 1280 729 1324 numerari
750 1284 924 1335 queat.
951 1281 1122 1335 Atque
1141 1281 1261 1324 haec
1283 1281 1349 1324 de
1370 1280 1702 1324 Instrumenti
1719 1280 1925 1324 fabrica
1944 1280 2190 1324 indicasse
2211 1280 2449 1325 sufficiat.

251 1353 481 1407 Reliqua,
508 1352 544 1395 fi
571 1364 692 1406 quae
719 1352 978 1395 minutula
1004 1352 1379 1404 desiderantur,
1407 1363 1474 1396 ex
1498 1352 1613 1407 ipsa
1638 1351 1823 1407 figurae
1847 1351 2049 1396 oculari
2074 1350 2390 1407 inspectione
2409 1352 2451 1396 ἃ

251 1423 479 1479 diligenti
499 1422 786 1466 attentione
807 1422 961 1467 facile
982 1423 1382 1478 cognoscuntur.

323 1494 496 1539 USUS
517 1494 628 1550 eJus
647 1493 883 1538 latissime
903 1497 1063 1548 patet,
1086 1495 1300 1549 quaqua
1319 1494 1529 1537 versum
1543 1505 1639 1548 per
1650 1493 1962 1538 Altitudines
1980 1495 2021 1538 81
2038 1493 2324 1537 Azimutha
2336 1496 2452 1538 tam

249 1567 582 1609 Planetarum
610 1577 772 1620 quam
799 1564 1085 1608 affixarum
1112 1565 1377 1609 stellarum
1405 1564 1677 1619 quidpiam
1706 1564 1792 1617 est,
1824 1566 1966 1620 quod
1997 1564 2451 1609 observationibus

248 1635 624 1680 Astronomicis
639 1635 1044 1679 accommodari
1058 1639 1232 1691 queat,
1249 1648 1313 1680 ac
1327 1647 1422 1691 per
1433 1635 1836 1691 Triangulorum
1850 1635 2119 1680 scientiam
2132 1636 2186 1679 in
2199 1646 2451 1680 numeros

250 1707 455 1759 deduci,
484 1707 761 1761 eidemque
783 1706 1045 1751 inservire.
1075 1707 1192 1759 Qua
1212 1708 1278 1751 de
1297 1719 1355 1751 re
1375 1707 1714 1751 consulantur
1732 1707 2011 1751 Artificum
2030 1706 2163 1759 libri,
2189 1709 2306 1751 tum
2326 1719 2452 1763 quo-

251 1790 352 1833 que
372 1790 452 1830 ea,
476 1790 596 1833 quae
617 1789 715 1822 nos
735 1778 878 1821 circa
897 1778 1017 1822 haec
1037 1778 1090 1821 in
1110 1790 1179 1822 no
1188 1778 1295 1822 stris
1310 1778 1558 1833 operibus
1572 1778 1846 1831 hincinde,
1868 1781 2026 1833 prout
2039 1790 2124 1822 res
2137 1777 2449 1833 postulabat,

250 1849 598 1893 commentati
619 1849 817 1893 sumus:
840 1849 1133 1904 praesertim
1151 1849 1205 1892 in
1223 1849 1391 1893 Tomo
1411 1849 1941 1905 Progymnasmatum
1960 1849 2451 1894 Astronomicorum

249 1921 494 1973 secundo,
518 1920 606 1975 qui
619 1920 685 1964 de
700 1921 921 1964 Cometa
935 1921 1071 1964 Anni
1084 1921 1156 1964 77.
1178 1921 1472 1964 luculenter
1492 1921 1610 1976 agit.
1633 1921 1692 1964 In
1712 1921 1823 1977 ejus
1841 1921 1983 1965 enim
1997 1919 2451 1965 observationibus

248 1991 394 2036 isthic
415 1991 675 2047 expofitis,
704 1994 863 2046 atque
888 1991 940 2034 in
967 1991 1470 2036 demonstrationem
1491 1992 1771 2047 adaptatis,
1798 1992 1954 2048 hujus
1974 1991 2295 2044 Quadrantis
2319 2002 2452 2047 prae-

249 2063 434 2118 cipuus
462 2063 584 2107 usus
613 2062 802 2116 extitit;
837 2074 963 2107 cum
994 2063 1225 2118 reliquos
1255 2063 1503 2119 majores,
1538 2063 1578 2106 81
1611 2063 1715 2107 alia
1745 2063 1922 2107 forma
1949 2062 2129 2119 postea
2160 2062 2451 2107 fabricatos

247 2138 373 2178 tunc
399 2134 655 2190 temporis
686 2135 754 2178 ad
783 2147 974 2178 manus
1003 2128 1112 2179 no‘n
1139 2134 1435 2178 habuerim.
1467 2134 1776 2178 sufficiebat
1803 2134 2142 2178 nihilominus
2169 2133 2273 2187 hic,
2304 2133 2451 2189 siqui-

250 2206 373 2249 dem
400 2206 594 2261 lingula
620 2206 825 2249 minuta
849 2208 963 2249 tam
988 2206 1041 2249 in
1066 2206 1438 2250 Altitudinibus
1465 2218 1629 2261 quam
1654 2205 1950 2250 Azimuthis
1976 2205 2097 2250 satis
2123 2205 2342 2249 discrete
2367 2216 2454 2249 ex-

248 2277 442 2320 hibeat.
466 2277 769 2331 Explicatur
788 2277 950 2321 etiam
970 2278 1023 2320 in
1044 2276 1182 2321 dic’to
1203 2277 1337 2321 libro
1359 2277 1504 2322 circa
1524 2278 1751 2330 calcem;
1772 2289 1889 2333 pag.
1912 2276 2162 2320 nimirum
2181 2275 2284 2321 461.
2307 2276 2349 2320 ἃ
2366 2275 2453 2320 tri-

249 2349 347 2392 bus
368 2348 700 2402 sequentibus
720 2348 806 2392 hic
826 2348 970 2392 idem
991 2348 1272 2401 Quadrans
1292 2349 1451 2403 paulo
1471 2348 1685 2392 uberius
1704 2360 1800 2403 per
1818 2347 1995 2392 varias
2015 2347 2450 2401 circumstantias,

250 2422 409 2473 atque
423 2431 530 2462 una
543 2419 740 2463 ibidem
755 2419 1031 2464 Divifionis
1051 2419 1494 2464 circumferentiae
1514 2420 1567 2463 in
1585 2418 1790 2475 puncstis
1808 2418 2240 2463 transversalibus
2259 2418 2453 2463 modus

250 2490 290 2532 81
311 2490 596 2545 aptissimus
613 2491 654 2534 81
675 2488 1022 2534 exac'tissimus
1038 2503 1070 2534 a
1083 2491 1236 2535 nobis
1256 2490 1488 2546 primum
1509 2490 1854 2535 circularibus
1874 2490 2169 2546 applicatus
2188 2489 2348 2534 fufius
2367 2500 2454 2534 ex-

249 2563 511 2616 planatur,
539 2562 580 2604 81
606 2561 858 2616 exquifita
883 2560 1087 2617 pictura
1111 2561 1407 2606 illustratur.
1437 2561 1574 2614 Quin
1600 2562 1640 2605 ἃ
1667 2561 1876 2617 dioptra
1902 2562 2014 2618 eJ'us
2038 2561 2183 2606 isthic
2206 2573 2324 2617 pag.
2345 2559 2449 2605 462.

250 2633 411 2677 etiam
433 2632 725 2688 depingitur
744 2645 808 2677 ac
830 2633 1124 2688 exponitur,
1147 2645 1252 2688 quo
1266 2633 1693 2689 pinnacidiorum
1706 2633 1841 2677 ratio
1857 2634 1898 2677 ἃ
1911 2633 2243 2686 rimularum,
2265 2633 2331 2677 de
2345 2632 2453 2688 qui.-

250 2704 348 2748 bus
368 2704 583 2748 subinde
603 2704 929 2749 mentionem
942 2704 1100 2757 facio,
1122 2704 1398 2760 dispositio,
1421 2707 1724 2759 caeteraque
1736 2705 1841 2748 huc
1857 2704 2210 2748 conducentia
2224 2703 2452 2748 dilucide

251 2775 603 2819 ostenduntur.
632 2776 705 2820 Eo
731 2775 909 2830 itaque
935 2775 1188 2820 lectorem
1213 2775 1407 2819 harum
1432 2786 1612 2819 rerum
1639 2775 1891 2831 cupidum
1911 2775 2144 2821 remitto:
2173 2775 2264 2819 ubi
2288 2775 2452 2819 etiam

248 2847 400 2901 plura
413 2846 643 2890 inveniet
656 2847 796 2891 hanc
813 2847 1222 2899 Maechanicam‚
1243 2850 1356 2890 tam
1369 2846 1541 2902 huJus,
1561 2858 1725 2902 quam
1740 2847 1966 2891 aliorum
1980 2846 2451 2891 Instrumentorum

248 2917 513 2962 rationem
542 2918 937 2962 concernentia:
970 2930 1091 2973 quae
1121 2918 1301 2962 omnia
1328 2918 1415 2962 hic
1446 2921 1703 2962 annotare
1732 2919 1882 2962 locus
1910 2929 2017 2962 non
2046 2917 2359 2974 patiebatur.
2390 2917 2452 2960 Et

250 3001 371 3043 quae
390 2989 462 3031 ibi
482 2989 626 3033 circa
646 2989 909 3034 divisionis
929 2990 971 3033 81
990 2989 1414 3045 pinnacidiorum
1434 2988 1709 3033 stationem
1735 2990 1945 3044 prolata
1969 2989 2098 3042 sunt,
2124 2989 2177 3032 in
2204 2988 2450 3033 omnibus

250 3060 363 3115 alijs
383 3059 757 3113 Instrumentis,
787 3061 975 3115 quibus
1001 3061 1121 3105 haec
1148 3061 1566 3107 accommodare
1592 3063 1816 3115 oportet,
1844 3060 2056 3116 intelligi
2074 3060 2220 3105 volo:
2248 3070 2315 3103 ne
2335 3061 2450 3103 tam

248 3130 334 3174 hic
366 3143 530 3185 quam
559 3131 683 3175 alibi
711 3143 776 3175 ea
805 3131 1069 3176 fastidiose
1096 3143 1355 3176 revocare
1385 3142 1518 3186 opus
1548 3131 1620 3174 fit.
1655 3131 1714 3174 Id
1743 3131 1926 3175 saltem
1954 3134 2069 3175 tam
2100 3132 2318 3186 propter
2343 3129 2448 3174 hoc

250 3213 412 3255 quam
434 3204 630 3245 caetera
651 3202 998 3247 Instrumenta
1017 3203 1103 3247 hic
1124 3202 1373 3255 monebo,
1396 3205 1641 3257 oportere
1661 3214 1726 3246 ea
1747 3202 1893 3246 omni
1912 3213 1978 3246 ex
1996 3205 2148 3257 parte
2167 3201 2266 3246 esse
2286 3212 2449 3256 quam

250 3271 634 3316 absolutissima.
667 3274 897 3329 Ideoque
923 3274 1143 3318 idoneos
1168 3273 1413 3317 Artifices
1440 3273 1806 3318 Maechanicos
1833 3272 2180 3325 adhibendos,
2209 3271 2298 3327 qui
2320 3271 2449 3316 talia

250 3342 455 3386 affabre
481 3343 758 3388 elaborare
784 3345 959 3389 norint
984 3348 1075 3388 aut
1101 3345 1314 3389 discant.
1347 3346 1406 3387 Et
1432 3345 1467 3387 fi
1493 3344 1666 3399 prima
1691 3344 1809 3388 vice
1833 3355 1949 3388 rem
1979 3354 2196 3388 omnem
2226 3354 2328 3388 acu
2355 3342 2450 3400 (uti

2258 3415 2448 3482 ajunt)

2504 1074 2546 1109 10

2503 1429 2546 1465 1⁵

2498 2140 2545 2175 25

2499 2276 2529 2320 ÷

2499 2495 2547 2532 30

2499 2851 2546 2887 35
