2638 3952
262 310 332 362 26
474 305 1084 360 ASTRONOMIAE
1111 303 1676 358 INSTAURATAE
1702 302 2252 355 MECHANICA

262 446 693 502 quadrilaterum,
719 445 806 500 qui
827 456 894 488 ex
912 444 1015 489 levi
1035 445 1271 499 quadam
1291 443 1493 488 constat
1513 442 1754 494 materia
1782 453 1849 485 ne
1870 441 1960 485 suo
1980 432 2215 496 pondere
2235 440 2459 495 Regulae‚

261 519 476 574 ejusque
495 516 807 572 pinnacidijs
827 515 1043 560 officiat.
1073 515 1345 570 Relinquat
1363 526 1494 559 vero
1519 514 1563 558 is
1584 514 1736 570 juxta
1757 512 2064 567 Cylindrum
2083 512 2144 564 A,
2171 514 2282 555 tam
2305 510 2460 566 supra

261 601 424 643 quam
439 587 578 631 infra
593 587 790 642 aliquid
803 586 961 630 vacui
981 590 1225 641 apertum
1243 586 1401 630 instar
1416 586 1584 637 rimae,
1607 595 1712 639 quo
1734 582 1863 638 radij
1882 583 2078 626 solares
2090 582 2335 636 utrinque
2348 592 2460 637 per-

260 661 500 703 meantes
519 659 769 702 umbram
790 657 1022 712 Cylindri
1042 657 1456 712 quadrilateram
1477 657 1544 700 ab
1565 654 1800 699 interiori
1819 656 1970 709 parte
1995 652 2256 697 inferioris
2281 652 2460 708 pinna-

260 730 376 786 cidij
398 729 536 773 intra
557 728 973 784 quadrilateram
993 728 1220 784 figuram
1238 728 1448 771 umbrae
1469 728 1752 782 analogam
1772 724 2054 780 expressius
2072 724 2361 776 ostendant,
2383 723 2460 767 fit-

260 813 362 856 que
383 801 451 845 ob
471 801 525 844 id
543 799 742 844 ibidem
762 800 964 854 apertio
986 799 1237 854 quaedam
1259 799 1475 851 canalis,
1499 810 1595 853 per
1614 809 1778 852 quam
1797 796 1850 839 id
1870 795 2157 840 commode
2177 795 2219 838 ἃ
2239 795 2459 839 discrete

258 871 658 927 introspiciatur,
679 874 838 926 prout
857 871 990 914 alias
1010 870 1171 914 etiam
1185 870 1238 913 in
1252 869 1386 914 Solis
1407 867 1876 920 observationibUS‚
1896 870 1955 910 ut
1967 866 2179 910 luminis
2193 866 2234 909 81
2247 865 2458 909 umbrae

258 942 619 986 extremitates
645 941 941 997 promptius
966 945 1198 996 pateant,
1227 940 1468 985 factitare
1495 938 1878 984 consuevimus.
1911 937 2257 993 Componitur
2283 937 2389 981 hoc
2415 936 2457 980 ἃ

257 1013 565 1070 disiungitur
578 1012 985 1057 Instrumentum
998 1012 1051 1055 in
1065 1013 1298 1056 cochleis
1313 1012 1626 1067 quibusdam
1645 1010 1813 1053 firmis
1827 1009 2020 1052 ABCD
2031 1009 2089 1060 L,
2109 1012 2225 1052 tum
2246 1018 2458 1063 quoque

256 1084 493 1139 pluribus
518 1084 572 1127 in
598 1083 728 1128 locis
752 1095 849 1139 per
872 1083 1051 1127 literas
1075 1084 1162 1127 hic
1189 1095 1297 1127 non
1321 1081 1723 1138 repraesentatis.
1751 1081 1854 1125 Sed
1873 1081 2043 1124 Arcus
2069 1080 2181 1136 eJus
2202 1091 2310 1123 una
2329 1090 2456 1123 cum

255 1155 344 1198 sua
371 1155 616 1199 subtensa
636 1155 721 1198 BC
743 1166 852 1198 non
872 1154 1195 1209 separantur,
1222 1166 1411 1198 verum
1439 1151 1702 1209 eonjundti
1730 1152 1934 1206 semper
1959 1153 2193 1202 manent,
2221 1161 2288 1194 ne
2313 1149 2456 1193 idem

252 1226 422 1270 Arcus
449 1226 515 1270 de
543 1226 649 1269 suae
676 1225 1120 1270 circumferentiae
1147 1224 1307 1269 ductu
1332 1224 1586 1279 exquifito
1615 1223 1886 1278 quidpiam
1915 1222 2163 1266 remittat.
2194 1220 2456 1265 Pedestale

251 1296 459 1352 insuper
477 1296 655 1348 habet,
678 1296 765 1340 cui
784 1296 1029 1352 affigitur,
1053 1297 1266 1351 quando
1281 1295 1593 1339 Altitudines
1608 1294 1719 1350 ejus
1734 1294 2072 1337 desumendae
2085 1292 2180 1350 (uti
2191 1292 2298 1349 hic)
2311 1292 2456 1347 quod

250 1379 346 1422 per
364 1367 515 1410 EGH
537 1367 864 1422 exprimitur,
891 1367 978 1411 cui
1002 1367 1056 1410 in
1074 1368 1304 1412 rotundo
1324 1365 1588 1411 foramine
1606 1377 1702 1421 per
1721 1365 2041 1409 claviculum
2055 1364 2208 1420 Juxta
2228 1364 2274 1407 D
2294 1363 2455 1419 infigi-

249 1441 336 1481 tur
355 1438 396 1481 8ι
415 1438 539 1482 hinc
560 1438 681 1482 inde
701 1442 910 1482 motum
929 1438 1175 1482 firmatur
1192 1439 1412 1482 tandem
1431 1437 1647 1481 inferius
1668 1437 1810 1491 apud
1830 1435 2111 1480 cochleam
2133 1435 2199 1479 G:
2226 1434 2317 1478 ubi
2342 1446 2456 1490 per-

250 1509 591 1564 pendiculum
611 1509 755 1553 circa
776 1509 821 1552 L
841 1510 1137 1564 appositum
1159 1509 1376 1553 inferius
1397 1509 1466 1552 ad
1487 1508 1524 1551 C
1546 1508 1690 1551 circa
1716 1507 2028 1551 divisionum
2053 1506 2357 1557 terminum,
2383 1506 2456 1549 in-

251 1579 393 1624 dicat
417 1581 556 1623 latus
574 1579 683 1632 AB,
711 1579 990 1624 Horizonti
1010 1581 1080 1624 ad
1100 1580 1340 1624 amussim
1366 1579 1712 1634 aequidistare.
1742 1578 1820 1622 Est
1840 1581 2021 1622 autem
2043 1578 2085 1621 L
2104 1576 2374 1633 punecum‚
2401 1577 2456 1621 in

250 1662 355 1705 quo
376 1651 527 1694 filum
545 1653 704 1694 tenue
722 1650 1117 1695 Orichaloicum
1138 1651 1548 1707 appendendum
1566 1650 1725 1702 venit,
1747 1649 1985 1693 medium
2004 1649 2139 1693 inter
2151 1649 2196 1692 A
2211 1651 2454 1693 centrum

249 1722 290 1764 ἃ
320 1722 358 1764 Β
386 1721 550 1765 finem
579 1716 1044 1766 circumferentiae:
1078 1723 1253 1777 neque
1283 1722 1461 1766 evadit
1487 1721 1827 1777 Triangulum
1854 1720 2094 1765 isosceles
2122 1720 2276 1764 ΑΒΕ.
2312 1719 2454 1765 Nam

249 1792 439 1837 Circuli
471 1792 924 1836 semidiametrum
956 1793 997 1836 ἃ
1027 1793 1325 1838 subtensam
1358 1793 1517 1837 sextae
1549 1793 1713 1848 partis
1745 1791 2191 1836 circumferentiae
2221 1791 2453 1836 invicem

248 1863 524 1918 adaequari
546 1875 613 1908 ex
633 1863 956 1908 Geometriae
981 1864 1293 1908 rudimentis
1318 1867 1506 1908 notum
1532 1863 1618 1908 est.
1646 1864 1885 1918 Cumque
1910 1862 2050 1907 linea
2070 1863 2160 1906 CL
2185 1863 2348 1907 cadat
2373 1872 2454 1907 or-

246 1934 600 1990 thogonaliter
621 1934 674 1978 in
696 1934 891 1978 lineam
911 1935 1019 1988 AB,
1049 1935 1091 1979 81
1120 1936 1558 1991 perpendiculum
1587 1934 1741 1979 lineae
1767 1934 1858 1977 CL
1879 1934 2092 1978 uniatur
2115 1945 2210 1989 per
2236 1934 2452 1990 adapta-

244 2005 467 2059 tionem3
495 2005 762 2050 necessum
781 2006 894 2058 erit,
921 2006 1062 2051 hanc
1083 2007 1267 2051 Zenith
1287 2007 1522 2062 capitum
1542 2006 1817 2061 respicere,
1844 2005 1990 2049 illam
2008 2017 2138 2050 vero
2158 2005 2452 2050 horizontis

245 2077 484 2132 planum;
512 2076 586 2120 ita
611 2080 669 2120 ut
691 2089 800 2121 non
818 2077 994 2121 minus
1013 2078 1099 2122 hic
1121 2078 1454 2122 Instrumenti
1472 2089 1570 2133 pro
1590 2076 1961 2121 Altitudinibus
1981 2076 2241 2132 dispositio
2262 2075 2452 2121 exacta

245 2147 465 2192 confieri
492 2150 666 2203 queat,
701 2160 866 2203 quam
892 2149 928 2192 fi
953 2149 1155 2205 integro
1182 2149 1491 2202 Quadrante
1522 2152 1809 2193 uteremur.
1842 2148 2104 2193 Pedestale
2131 2151 2312 2193 autem
2336 2148 2448 2205 ejus

246 2219 350 2263 five
363 2218 593 2263 fulcrum
607 2218 679 2263 est
692 2231 721 2264 e
735 2219 893 2264 firmo
909 2220 1047 2276 ligno
1063 2221 1415 2277 compositum
1428 2220 1516 2264 illa
1530 2220 1706 2265 forma
1721 2222 1825 2275 qua
1839 2219 2008 2264 vides:
2031 2219 2252 2264 Interius
2265 2222 2448 2264 tamen

245 2301 342 2344 pro
363 2290 555 2346 majori
574 2294 724 2345 parte
745 2302 957 2344 cavum,
979 2304 1045 2336 ne
1065 2292 1230 2336 nimio
1250 2292 1487 2347 pondere
1500 2290 1775 2335 vecturam
1795 2290 2046 2335 molestet.
2070 2290 2248 2335 Habet
2265 2291 2449 2336 nihilo-

244 2360 435 2413 minus,
461 2360 553 2405 ubi
579 2372 712 2417 opus
739 2362 826 2414 est,
854 2362 945 2406 sua
971 2363 1223 2417 quaedam
1249 2362 1574 2407 ferramenta
1593 2362 1715 2406 hinc
1735 2362 1857 2406 inde
1878 2362 2257 2406 accomodata:
2286 2374 2392 2418 quo
2414 2375 2447 2407 a

245 2431 637 2476 contusionibus
666 2432 708 2475 81
736 2433 947 2477 damnis
974 2433 1135 2477 tutius
1165 2434 1244 2478 sit:
1277 2436 1338 2477 Et
1363 2434 1570 2489 insuper
1596 2434 1783 2477 adsunt
1806 2433 1908 2477 tria
1934 2433 2179 2489 oblonga,
2207 2445 2274 2478 ex
2301 2433 2445 2479 ferro

243 2501 517 2546 fulcimina
538 2515 570 2546 a
590 2503 768 2547 medio
789 2504 900 2560 eJus
918 2504 1153 2559 usquein
1171 2505 1320 2560 pedis
1340 2505 1747 2557 extremitatem,
1775 2516 2006 2560 quorum
2025 2505 2132 2549 duo
2158 2516 2254 2560 per
2272 2504 2354 2548 IH
2373 2505 2446 2549 in-

246 2573 510 2618 dicantur:
531 2574 746 2618 tertium
761 2587 794 2618 a
807 2575 1079 2630 posteriori
1091 2578 1242 2630 parte
1259 2577 1402 2628 latet,
1425 2588 1546 2631 quae
1566 2588 1662 2631 per
1676 2576 1793 2620 suas
1808 2575 1971 2619 etiam
1986 2576 2235 2620 cochleas
2250 2576 2445 2632 apponi

244 2644 286 2686 81
306 2644 502 2688 auferri
521 2644 739 2700 possunt.
768 2645 899 2690 Sunt
917 2649 1179 2702 praeterea
1201 2650 1430 2702 quatuor
1449 2647 1689 2691 cochleae
1710 2647 2006 2702 chalybeae,
2035 2659 2156 2702 quae
2174 2650 2348 2692 totum
2368 2648 2446 2692 In-

243 2714 590 2759 strumentum
623 2716 918 2770 sustentant,
954 2729 1182 2772 quarum
1212 2721 1321 2762 tres
1352 2718 1514 2762 literis
1544 2718 1594 2761 H
1626 2719 1904 2774 signantur.
1939 2718 2143 2771 Quarta
2175 2718 2242 2762 ab
2277 2720 2444 2764 altera

242 2788 393 2840 parte
418 2797 526 2830 non
552 2788 883 2843 conspicitur.
912 2788 1030 2841 Hae,
1057 2792 1115 2832 ut
1135 2788 1542 2833 Instrumentum
1568 2789 1665 2834 rite
1691 2790 1733 2833 ἃ
1757 2789 1982 2833 firmiter
2006 2790 2273 2846 dirigatur,
2301 2802 2445 2836 com-

242 2856 557 2901 moditatem
576 2858 832 2914 praebent,
855 2860 984 2903 dum
1004 2860 1161 2915 supra
1181 2860 1439 2915 quasdam
1458 2861 1739 2905 laminulas
1759 2861 2055 2905 Metallicas
2074 2861 2212 2906 infra
2231 2862 2441 2917 positas,

241 2939 308 2971 ne
321 2928 557 2983 pondere
571 2930 613 2973 81
627 2930 874 2974 acumine
894 2929 1182 2987 subjee‘tum
1201 2931 1569 2987 pavimentum
1589 2932 1920 2987 inaequaliter
1937 2936 2199 2988 premant,
2222 2933 2444 2978 circum-

241 3002 510 3054 gyrantur,
539 3001 709 3045 donec
731 3001 1054 3046 observator
1072 3002 1479 3047 Instrumentum
1507 3004 1576 3047 ad
1601 3004 1821 3058 planum
1842 3003 2032 3048 Circuli
2052 3003 2272 3060 alicujus
2291 3005 2443 3049 verti-

241 3069 371 3113 calis
391 3070 738 3116 conformiter
758 3072 1075 3128 dispofitum‚
1096 3073 1254 3128 idque
1276 3085 1341 3117 ex
1360 3074 1738 3129 perpendiculo
1760 3075 1990 3130 appenso
2011 3075 2353 3120 adinvenerit.

312 3140 486 3185 USUS
513 3142 624 3198 ejus
651 3143 738 3196 est,
770 3144 985 3199 quando
1012 3145 1080 3188 fic
1105 3143 1378 3197 tractatur,
1406 3145 1459 3188 in
1486 3145 1733 3190 omnibus
1758 3145 2130 3190 Altitudinibus
2154 3149 2268 3190 tam
2293 3146 2442 3190 lumi-

239 3210 466 3264 narium,
503 3225 666 3267 quam
698 3217 1020 3260 caeterorum
1052 3216 1281 3260 siderum
1313 3216 1602 3259 errantium
1636 3217 1677 3260 81
1708 3216 2055 3261 inerrantium
2086 3215 2271 3261 exacte
2302 3217 2440 3262 intra

238 3281 453 3325 tertiam
471 3285 555 3327 vel
576 3287 823 3339 quartam
849 3285 1038 3330 minuti
1061 3290 1272 3342 partem
1293 3286 1646 3340 dimetiendis3
1674 3288 1839 3332 modo
1860 3289 2063 3332 sextam
2082 3288 2211 3332 Coeli
2230 3290 2440 3344 partem

239 3363 347 3396 non
379 3355 731 3408 exuperarint.
770 3356 908 3409 Quin
936 3357 978 3400 ἃ
1007 3357 1093 3401 hic
1122 3357 1339 3402 firmato
1370 3357 1520 3402 aliter
1545 3357 1868 3412 Quadrante,
1898 3359 1973 3403 ita
1996 3358 2243 3404 videlicet
2265 3362 2324 3403 ut
2347 3359 2440 3403 AC

2226 3432 2439 3486 Zenith

2508 1085 2551 1120 10

2507 1440 2550 1476 15

2499 1795 2549 1831 20

2497 2151 2544 2187 25

2491 2863 2538 2899 35

2487 3219 2535 3255 40
