2638 3952
389 240 1003 295 ASTRONOMIAE
1029 240 1596 294 INSTAURATAE
1623 243 2175 298 MECHANICA
2294 246 2384 298 143

40 385 88 429 H
106 386 159 429 3‘
245 387 792 449 EXPLICATIO
822 386 1661 532 PARTIVIIngalIVAZJORIS
1690 388 1804 449 ET
1831 390 2327 452 PRAECIPVAE

228 586 232 587 ⁷
287 585 291 587 ’
339 585 378 620 φ’
488 584 505 587 ”
557 604 561 605 ’
586 615 588 636 ε
622 597 735 639 AEC
762 596 935 651 major
961 596 1002 638 81
1029 596 1302 651 praecipua
1322 597 1474 640 Arcis
1497 597 1898 652 Uraniburgicae
1925 599 2117 642 domus
2142 612 2172 642 a
2196 612 2283 643 me
2304 613 2388 644 ex-

187 662 189 673 *
298 622 411 717 5⁸
404 639 478 699 ἵ
547 643 588 705 pl
622 668 879 711 aedificari
900 670 1075 722 caepta
1096 667 1166 710 est
1186 667 1340 711 Anno
1366 667 1493 711 1576.
1521 668 1794 723 Posuitque
1814 669 1926 724 ejus
1952 671 2185 724 primum
2204 671 2389 714 funda-

210 739 229 779 3
354 685 483 771 *KQ*
549 728 573 753 c
585 723 587 775 1
622 740 911 782 mentalem
931 738 1180 793 lapidem,
1203 739 1918 783 Serenissimi&Potentissimi
1934 741 2226 785 Galliarum
2242 743 2388 797 Regis

290 804 309 812 ‘
327 731 482 877 ἰῖᾗζ-ξῖ
546 795 589 876 &⁸³
621 811 675 854 in
696 810 868 854 Dania
888 810 1129 865 plurimis
1142 811 1306 854 Annis
1328 811 1556 866 Legatus
1578 811 1893 866 Magnificus
1914 812 2175 857 Dominus
2196 814 2389 857 CARO·

353 879 396 951 Ἀ.
553 901 589 934 J
624 882 746 926 LVS
778 881 1138 933 DANZAEVS,
1170 882 1252 924 vir
1281 882 1593 938 integritate,
1625 883 1818 926 virtute
1852 884 1892 926 81
1925 896 2106 927 rerum
2138 886 2231 928 usu
2264 886 2389 929 nulli

242 996 258 999 -
300 996 324 997 W
360 960 378 973 ²
441 946 473 967 '⁴
560 974 564 977 κ
622 954 896 1005 secunduS,
925 954 966 996 ἃ
993 952 1256 997 Docstrinis
1281 954 1490 1009 insuper
1514 954 1820 997 liberalibus
1846 957 2106 1009 praeclare
2131 957 2386 1009 imbutus;

181 1027 270 1082 qui
302 1039 426 1071 cum
459 1037 547 1070 me
579 1025 822 1081 lingulari
852 1026 893 1068 ἃ
926 1025 1183 1069 constanti
1215 1037 1417 1078 amore,
1452 1038 1616 1080 quam
1646 1026 1735 1069 diu
1763 1026 1892 1069 vixit
1920 1027 2068 1084 (obiit
2096 1028 2237 1071 enim
2268 1032 2389 1072 ante

90 1107 132 1142 ιο
182 1098 499 1143 octennium
524 1098 697 1141 aetatis
723 1109 864 1141 anno
889 1095 1257 1151 Od’tuagefimo
1283 1097 1476 1152 primo)
1500 1097 1808 1152 prosecutus
1833 1097 2005 1150 fuerit,
2034 1099 2165 1142 mihi
2190 1100 2230 1142 ἃ
2258 1100 2389 1144 meis

181 1171 340 1215 rebus
360 1169 647 1225 plurimum
668 1169 874 1223 semper
892 1168 1124 1212 favebat.
1151 1169 1211 1211 Et
1231 1169 1380 1211 fimul
1401 1180 1465 1212 ac
1486 1169 1711 1212 domum
1730 1170 1870 1213 hanc
1892 1170 2300 1214 construendam
2321 1171 2391 1214 in-

179 1242 394 1294 tellexit,
426 1242 476 1285 se
504 1240 738 1295 primum
766 1239 1000 1295 lapidem
1030 1241 1339 1295 angularem
1367 1239 1513 1283 isthic
1541 1241 1932 1284 collocaturum
1962 1241 2143 1296 sponte
2173 1243 2387 1286 addixit.

184 1314 417 1368 Moxque
437 1312 490 1355 in
508 1311 799 1367 Porphyrio
821 1311 1058 1366 quodam
1079 1311 1205 1355 saxo
1225 1311 1392 1355 verba
1413 1311 1680 1366 sequentia
1700 1312 1930 1356 exscindi
1951 1313 2170 1356 curavit.

635 1476 956 1522 REGNAN
961 1478 1054 1520 TE
1076 1477 1157 1520 IN
1179 1477 1416 1521 DANIA
1444 1477 1844 1523 FRIDERICO
1870 1479 1934 1521 II.

93 1583 134 1618 15
577 1574 877 1617 CAROLVS
895 1574 1239 1617 DANZAEVS
1254 1574 1659 1626 AQVITANVS.
1682 1575 2000 1618 R.G.I.D.L.

578 1633 806 1676 DOMVI
841 1633 1022 1685 HVIC,
1056 1633 1542 1677 PHILOSOPHIAE
1572 1634 2003 1685 INPRIMISQVE

576 1693 934 1736 ASTRORVM
993 1693 1589 1736 CONTEMPLATIONI
1654 1693 1840 1736 REGIS
1898 1694 2005 1736 DE-

578 1752 784 1796 CRETO
900 1753 945 1794 A
1062 1752 1294 1796 NOBILI
1403 1752 1565 1796 VIRO
1681 1752 2004 1795 TYCHONE

578 1811 797 1854 BRAHE
914 1812 1001 1854 DE
1119 1812 1518 1855 KNVDSTRVP
1634 1812 2004 1855 EXTRVCTAE

89 1879 136 1914 20
577 1871 891 1914 VOTIVVM
987 1871 1176 1914 HVNC
1266 1871 1566 1914 LAPIDEM
1658 1871 2004 1915 MEMORIAE

802 1931 880 1973 ET
917 1930 1166 1974 FELICIS
1205 1931 1475 1974 AVSPICII
1514 1931 1691 1974 ERGO
1729 1932 1778 1974 P.

884 2026 1078 2070 ANNO
1141 2027 1261 2071 Clo.
1327 2027 1405 2072 Io.
1470 2026 1699 2069 LXXVI.

19 2136 21 2138 .
107 2093 179 2141 t
991 2086 1078 2129 V1.
1143 2087 1231 2130 ID.
1296 2086 1597 2130 AVGVSTI.

257 2241 391 2283 Cum
410 2252 540 2284 vero
561 2241 673 2285 dies
692 2241 752 2293 is,
775 2241 1071 2286 fundationi
1091 2241 1390 2294 destinatus,
1417 2241 1644 2294 instaret,
1676 2241 1884 2285 accessit
1904 2241 2136 2296 optimus
2155 2241 2239 2284 ille
2261 2241 2399 2283 Dan-

91 2320 137 2354 25
185 2324 348 2364 zaeus,
379 2312 665 2356 comitatus
696 2313 896 2367 aliquot
926 2313 1201 2357 Nobilibus
1230 2313 1370 2365 viris,
1403 2316 1519 2356 tum
1549 2324 1761 2368 quoque
1791 2312 2105 2367 quibusdam
2135 2310 2302 2356 doctis
2331 2323 2397 2354 ex

187 2382 373 2427 amicis
399 2384 793 2436 communibus,
822 2384 910 2439 qui
936 2384 1059 2427 huic
1088 2383 1227 2428 adtui
1251 2385 1566 2428 interessent:
1599 2385 1639 2427 81
1670 2384 1753 2428 die
1780 2383 1972 2428 octavo
1999 2383 2209 2439 Augusti
2238 2394 2398 2426 mane

186 2455 455 2498 exoriente
469 2454 590 2499 Sole
604 2468 711 2498 una
726 2467 851 2499 cum
875 2456 912 2510 94
931 2455 1083 2510 Juxta
1103 2467 1198 2500 cor
1219 2455 1289 2514 Ω,
1314 2456 1463 2499 Luna
1485 2456 1771 2500 occiduum
1792 2455 2068 2499 cardinem
2086 2455 2140 2498 in
2159 2464 2217 2502 xx
2237 2465 2392 2498 occu-

184 2529 359 2580 pante,
386 2526 440 2569 in
466 2527 707 2570 omnium
726 2526 963 2570 nostrum
982 2527 1260 2582 praesentia
1279 2527 1511 2582 lapidem
1532 2528 1761 2570 eundem
1781 2527 1993 2579 locavit,
2021 2526 2221 2570 litando
2247 2526 2391 2581 prius

184 2597 463 2641 solenniter
489 2597 623 2641 vinis
653 2598 882 2650 diversis,
914 2598 955 2640 ἃ
984 2598 1153 2642 fausta
1183 2611 1410 2653 quaeque
1439 2599 1727 2653 precando,
1759 2598 2164 2653 suffragantibus
2192 2598 2269 2649 iis,
2304 2598 2392 2652 qui

89 2676 135 2711 3ο
185 2668 596 2712 circumstabant
616 2669 818 2713 amicis.
842 2669 1156 2713 Constitutus
1177 2673 1358 2713 autem
1378 2670 1449 2714 est
1469 2670 1554 2714 hic
1575 2670 1708 2725 lapis
1727 2670 1780 2713 in
1801 2670 1991 2725 angulo
2013 2670 2206 2714 domus
2227 2669 2393 2713 orien-

182 2739 277 2783 tali
294 2740 474 2783 versus
495 2740 881 2795 Notapelioten‚
909 2742 1053 2784 velut
1077 2741 1130 2784 in
1156 2742 1391 2796 apposita
1418 2741 1732 2797 figuratione
1752 2741 1904 2796 juxta
1924 2741 2132 2784 literam
2151 2741 2202 2784 F.
2225 2740 2393 2795 expri-

185 2811 360 2854 mitur.
382 2811 720 2855 Postmodum
739 2814 853 2855 tota
873 2812 1065 2856 domus
1086 2812 1277 2856 exstrui
1297 2813 1477 2868 coepit;
1501 2813 1542 2856 8ι
1564 2812 1854 2856 successivis
1875 2812 2025 2855 annis
2044 2812 2283 2856 absoluta
2298 2811 2389 2863 est;

184 2885 301 2925 utut
319 2894 428 2926 non
446 2894 638 2938 paucae
660 2886 751 2926 aut
770 2884 914 2926 leves
933 2883 1133 2927 interea
1155 2883 1480 2938 obrepserint
1499 2884 1838 2927 difficultates
1859 2884 1900 2926 8ι
1920 2894 2168 2935 remorae,
2197 2884 2263 2926 de
2285 2883 2391 2938 qui-

186 2954 285 2997 bus
307 2954 424 3010 jam
450 2966 559 2999 non
589 2954 774 2997 attinet
802 2954 992 2998 dicere.
1025 2954 1315 3010 Explicatio
1344 2966 1474 2998 vero
1501 2955 1910 3011 Orthographiae
1939 2955 2172 3010 eiusdem
2201 2955 2392 2998 domus

91 3032 138 3067 35
186 3024 272 3068 hic
294 3025 559 3080 assignatae
578 3026 651 3068 ita
673 3025 721 3069 se
742 3025 923 3069 habet:
946 3026 1006 3068 A.
1030 3026 1196 3069 Ianua
1212 3025 1492 3069 Orientalis
1512 3038 1578 3070 ex
1599 3026 1779 3070 Ionico
1795 3027 1836 3069 81
1851 3026 2048 3070 Dorico
2070 3037 2231 3081 opere
2252 3037 2394 3069 com-

186 3096 368 3150 pofita.
391 3096 443 3140 Β.
461 3096 810 3140 Coenaculum
829 3096 1147 3152 hybernum.
1170 3097 1220 3140 F.
1238 3097 1397 3151 Lapis
1416 3097 1517 3149 ille,
1540 3097 1689 3153 cujus
1709 3098 1942 3149 memini,
1963 3097 2391 3149 fundamentalis,

188 3178 350 3221 quem
378 3167 547 3222 posuit
576 3166 744 3211 dictus
774 3168 1002 3223 Legatus
1033 3168 1279 3211 Gallicus.
1315 3168 1374 3211 G.
1397 3168 1438 3210 ἃ
1460 3168 1525 3211 Η.
1557 3168 1812 3212 Fenestrae
1842 3170 1990 3212 cellae
2021 3169 2390 3212 subterraneae.

189 3237 242 3280 C.
259 3238 486 3282 Camera
504 3249 602 3293 pro
622 3239 932 3293 hospitibus:
955 3239 1189 3293 Suntque
1206 3239 1386 3283 versus
1404 3240 1656 3283 occasum
1674 3240 1797 3282 duae
1815 3239 2018 3283 fimiles.
2043 3239 2113 3282 M.
2132 3239 2392 3282 Musaeum

189 3319 315 3352 cum
343 3308 679 3354 bibliotheca.
714 3311 773 3353 L.
802 3309 1215 3355 Laboratorium
1245 3310 1556 3366 chymicum
1586 3311 1987 3355 subterraneum
2016 3311 2057 3354 ἃ
2084 3311 2390 3361 rotundum,

2088 3386 2396 3453 continens
