2644 3978
258 272 362 324 332
798 269 1489 325 ANNOTATIONES
1514 268 1919 323 EDITORIS

258 422 403 462 vero,
426 421 550 456 cum
571 410 800 454 maculae
821 409 1031 454 Solares
1050 409 1282 454 inventae
1302 412 1494 462 essent,
1515 409 1680 453 talem
1699 420 1757 452 se
1778 421 1825 452 a.
1852 407 1964 451 1607
1983 407 2177 452 vidisse
2197 410 2460 454 concessit

257 481 397 534 (ibid.
419 492 469 535 p.
492 480 611 538 786).

331 552 399 594 ad
418 564 467 606 p.
489 541 592 603 229,
602 551 635 609 ε]
667 551 868 595 Verum
891 550 1156 606 Prophatii
1182 562 1379 595 nomen
1405 555 1520 594 erat
1545 551 1707 595 Iacob
1729 551 1833 594 ben
1853 550 2063 594 Machir
2087 551 2198 595 sive
2226 552 2458 605 Makhir;

258 622 387 665 vixit
405 623 459 665 in
480 623 661 666 Monte
679 623 964 667 Pessulano
991 625 1042 666 et
1068 624 1311 666 mortuus
1337 625 1416 666 est
1441 622 1586 667 circa
1612 635 1658 666 a.
1686 622 1812 666 1307.
1846 622 2051 676 Scripta
2067 623 2460 679 ,mathematica

259 695 538 749 complura
570 705 637 738 ex
667 693 899 737 Arabico
931 704 1180 737 sermone
1210 693 1264 736 in
1297 693 1626 737 Hebraicum
1657 692 1828 746 vertit,
1869 704 1990 748 quae
2022 694 2356 737 enumeravit
2388 695 2458 738 M.

258 764 682 808 Steinschneider
700 765 753 807 in
771 762 1116 807 Bibliotheca
1138 763 1528 807 mathematica
1548 764 1592 807 2.
1613 775 1714 808 ser.
1736 764 1805 807 XI
1825 763 1979 821 (1897)
1998 775 2047 818 p.
2070 764 2143 816 35,
2170 767 2461 808 tractatum

259 835 572 890 conscripsit
600 836 666 879 de
699 833 1042 893 »Quadrante
1067 834 1336 888 Iudaico«,
1368 835 1732 879 calendarium
1762 837 2080 891 perpetuum
2109 836 2459 891 comparavit.

260 907 379 951 Hoc
392 907 446 950 in
461 907 708 950 Latinum
729 917 1037 951 sermonem
1055 917 1213 950 verso
1234 917 1359 950 cum
1380 906 1531 949 multi
1550 907 1793 950 homines
1814 906 1958 950 docti
1976 909 2092 949 tum
2113 906 2274 950 etiam
2288 907 2462 952 Dante

258 989 385 1022 usus
405 981 504 1030 est;
526 978 751 1021 traditus
771 981 851 1021 est
869 978 922 1021 in
942 977 1215 1021 codicibus
1234 988 1375 1020 nunc
1391 976 1583 1021 Oxonii
1597 977 1817 1032 aliisque
1834 976 1966 1021 10015
1984 977 2283 1021 asservatis.
2307 978 2463 1030 Quod

259 1048 344 1093 hic
364 1049 547 1104 Tyeho
569 1049 744 1101 tradit,
773 1048 1141 1105 obliquitatem
1161 1048 1427 1102 Eclipticae
1447 1048 1790 1103 Prophatium
1816 1048 2078 1092 invenisse
2098 1048 2243 1092 circa
2261 1049 2344 1092 23ο
2362 1050 2460 1101 32¹,

259 1121 483 1175 sumpsit
503 1133 535 1164 a
556 1119 847 1175 Copernico
867 1118 971 1177 (De
990 1119 1217 1162 revolut.
1238 1119 1308 1162 III
1328 1119 1357 1162 2
1371 1121 1423 1162 et
1436 1119 1479 1172 6,
1501 1131 1587 1174 pp.
1608 1119 1691 1162 162
1705 1122 1757 1163 et
1774 1119 1852 1162 171
1878 1119 1958 1163 ed.
1981 1119 2177 1175 secul.).
2201 1120 2464 1165 Describit

263 1192 333 1235 M.
357 1192 545 1235 Curtze
570 1190 1011 1248 (Mittheilungen
1032 1190 1135 1234 des
1159 1188 1794 1244 Coppernicus-Vereins
1813 1189 1904 1233 fiir
1926 1189 2333 1234 Wissenschat't
2355 1191 2465 1234 und

261 1262 447 1305 Kunst
462 1274 533 1305 zu
560 1262 737 1306 Thorn
758 1262 888 1306 fasc.
915 1263 959 1306 l:
987 1261 1199 1304 Inedita
1224 1259 1654 1316 Coppernicana,
1684 1261 1878 1316 Lipsiae
1902 1261 2029 1314 1878,
2051 1274 2101 1317 p.
2122 1261 2199 1319 53)
2219 1262 2464 1306 codicem

261 1333 551 1377 calendarii
568 1333 849 1389 Prophatii‚
878 1333 966 1388 qui
985 1345 1126 1376 nunc
1145 1332 1200 1376 in
1219 1332 1542 1376 bibliotheca
1563 1332 1933 1376 Universitatis
1954 1333 2279 1388 Upsaliensis
2300 1346 2465 1378 asser-

259 1407 431 1456 vatur,
466 1404 742 1459 Copernici
769 1416 899 1448 vero
930 1408 1174 1458 tempore
1207 1404 1349 1459 apud
1381 1403 1572 1447 fratres
1602 1403 1984 1447 Franciscanos
2016 1404 2381 1460 Braunsbergii
2411 1405 2464 1448 in

261 1475 457 1530 oppido
477 1476 736 1519 Warmiae
765 1478 896 1527 erat,
928 1486 1088 1530 quem
1116 1474 1265 1518 illam
1291 1474 1465 1529 ipsam
1495 1474 1863 1529 obliquitatem
1890 1474 1973 1518 23ο
1992 1475 2073 1518 32⁴
2100 1476 2342 1530 praebere
2369 1476 2461 1529 ait;

260 1547 364 1590 hoc
390 1546 543 1602 igitur
569 1547 754 1590 codice
775 1545 1127 1601 Copernicum
1152 1556 1312 1589 usum
1338 1557 1455 1589 esse
1481 1545 1741 1600 opinatur.
1769 1545 1906 1589 Addi
1933 1548 2114 1589 autem
2139 1549 2313 1601 potest
2338 1547 2464 1590 nihil

260 1630 358 1662 nos
383 1617 436 1660 in
458 1618 564 1661 ullo
586 1629 615 1661 e
636 1616 909 1661 codicibus
928 1616 1194 1671 Prophatii
1212 1616 1500 1660 calendarii
1523 1617 1763 1672 perpetui
1783 1616 1975 1661 Oxonii
2001 1618 2302 1670 asservatis,
2330 1629 2465 1672 quos

261 1701 447 1733 omnes
467 1687 921 1743 perlustravimus,
942 1687 1237 1742 repperisse
1258 1688 1323 1731 de
1344 1687 1651 1743 obliquitate
1666 1688 1949 1743 Eclipticae,
1969 1700 2141 1743 neque
2154 1688 2207 1732 in
2225 1689 2465 1733 »Canone

258 1761 313 1803 in
333 1759 645 1803 almanach«
669 1770 841 1814 neque
860 1759 914 1803 in
933 1758 1264 1814 praefatione,
1287 1771 1451 1813 quam
1467 1759 1676 1814 publice
1691 1759 1854 1803 etiam
1868 1759 2029 1803 edidit
2043 1760 2466 1804 Steinschneider

259 1830 574 1888 (Bu11ettino
601 1829 659 1873 di
682 1828 1023 1884 bibliografia
1049 1840 1081 1872 e
1108 1829 1165 1873 di
1189 1829 1357 1873 storia
1385 1829 1530 1873 delle
1553 1829 1781 1873 scienze
1803 1830 2194 1875 matematiche
2214 1842 2246 1874 e
2266 1829 2465 1875 fisiche

261 1903 341 1947 ed.
359 1901 755 1957 Boncompagni
770 1902 854 1945 IX.
876 1901 1003 1945 1876.
1020 1914 1106 1957 pp.
1122 1900 1393 1958 607—613)‚
1414 1902 1574 1956 paulo
1594 1904 1777 1946 tamen
1798 1901 1948 1946 aliter
1968 1902 2280 1958 dispositam
2301 1915 2466 1958 quam

260 1975 313 2017 in
336 1973 609 2017 codicibus
629 1972 1034 2017 oxoniensibus.
1064 1972 1122 2015 In
1146 1983 1254 2017 uno
1280 1975 1490 2016 tantum
1516 1972 1703 2017 codice
1724 1973 2012 2018 oxoniensi
2035 1973 2291 2031 (Ashmol.
2318 1974 2464 2031 1796),

262 2045 351 2100 qui
371 2044 605 2089 continet
625 2042 843 2087 »Artem
866 2044 924 2087 et
940 2042 1324 2098 operacionem
1353 2042 1485 2087 noui
1510 2042 1831 2098 quadrantis
1851 2043 1985 2087 editi
2003 2055 2035 2087 a
2056 2044 2320 2099 magistro
2340 2055 2467 2099 pro-

260 2116 404 2160 t'acio
429 2115 638 2168 iudeo«,
667 2115 742 2159 sic
769 2115 989 2171 legimus
1015 2114 1122 2172 (fol.
1144 2114 1264 2172 56=):
1297 2115 1586 2170 »Computa
1613 2114 1884 2170 diligenter
1905 2118 2077 2159 totam
2096 2115 2221 2160 solis
2242 2115 2467 2160 declina-

259 2188 460 2232 tionem
488 2198 589 2242 que
616 2190 826 2231 constat
851 2198 917 2230 ex
941 2186 1000 2230 24
1026 2186 1275 2242 gradibus
1299 2186 1412 2230 fere
1440 2189 1499 2230 ut
1526 2186 1709 2231 dicunt
1737 2187 1982 2231 moderni
2009 2187 2304 2231 mediantes
2332 2187 2467 2231 inter

262 2260 566 2303 almeonem
593 2270 695 2314 que
721 2258 846 2302 dicit
869 2269 935 2303 ex
953 2258 1012 2302 23
1032 2257 1282 2313 gradibus
1300 2260 1544 2312 tempore
1562 2269 1660 2302 suo
1681 2258 1741 2301 Et
1760 2257 1913 2302 indos
1934 2258 2022 2313 qui
2042 2258 2223 2303 dicunt
2243 2258 2467 2302 declina-

262 2330 471 2374 cionem
498 2330 801 2385 peruenisse
828 2330 897 2374 ad
921 2329 981 2373 24
1005 2329 1280 2386 gradibus«
1305 2328 1431 2387 [sic].
1459 2329 1528 2372 At
1545 2329 1599 2373 in
1619 2329 1722 2373 alio
1744 2330 1982 2384 quodam
2002 2329 2188 2374 codice
2207 2330 2464 2387 (Ashmol.

265 2401 411 2459 1522),
437 2401 527 2456 qui
546 2401 780 2445 continet
800 2417 823 2442 »
836 2401 1142 2445 Tractatum
1164 2398 1297 2444 noui
1315 2398 1680 2454 quadrantis«,
1701 2400 1769 2444 ab
1785 2399 1900 2452 illis,
1918 2412 2039 2455 quae
2054 2412 2221 2455 nuper
2235 2412 2467 2445 comme-

262 2473 608 2525 moravimus,
629 2472 866 2516 nonnihil
886 2472 1294 2527 discrepantem,
1315 2471 1442 2515 nihil
1463 2472 1529 2515 de
1548 2470 1654 2516 hoc
1673 2471 1947 2527 reperitur.
1974 2472 2285 2527 Prophatius
2305 2475 2464 2525 certe,

201 2542 204 2545 ’
264 2556 388 2587 cum
409 2544 774 2588 calendarium
793 2544 904 2600 ejus
924 2543 1104 2588 nititur
1121 2542 1333 2586 Tabulis
1352 2542 1632 2594 Toletanis,
1660 2555 1793 2597 quas
1819 2542 2050 2587 confecit
2067 2543 2378 2597 Al-Zarkali,
2405 2544 2468 2588 si-

264 2618 353 2659 cut
372 2615 474 2658 illae
494 2615 757 2670 recepisse
776 2615 986 2659 videtur
1003 2614 1086 2658 23⁰
1104 2613 1202 2658 33¹.

359 2745 445 2788 III.
486 2745 780 2788 CALCULI
807 2746 901 2788 AD
929 2744 1358 2788 CORRIGENDA
1384 2743 1746 2787 ELEMENTA
1773 2744 2038 2788 ORBITAE
2065 2744 2369 2788 SATURNI.

336 2828 405 2871 Hi
431 2828 621 2872 calculi
650 2828 801 2874 annis
827 2841 859 2872 a
888 2827 1000 2871 1593
1028 2828 1096 2871 ad
1126 2826 1239 2871 1599
1264 2826 1551 2882 conscripti
1576 2838 1692 2871 esse
1711 2826 1971 2879 videntur,
1999 2838 2097 2871 nec
2124 2827 2343 2870 dubium
2371 2830 2465 2879 est,

265 2898 391 2953 quin
411 2910 475 2942 eo
496 2899 716 2943 consilio
738 2899 805 2942 ab
825 2899 971 2943 initio
992 2898 1222 2942 confecti
1240 2899 1358 2950 sint,
1379 2901 1437 2941 ut
1455 2897 1663 2942 theoria
1682 2901 1861 2942 motus
1881 2897 2105 2950 Saturni,
2129 2909 2291 2952 quam
2311 2898 2467 2942 simul

266 2981 391 3013 cum
410 2969 627 3013 theoriis
643 2970 671 3022 J
675 2970 789 3014 ovis
810 2973 969 3025 atque
985 2969 1171 3013 Martis
1184 2969 1739 3024 Progymnasmatum
1760 2972 1972 3013 tomum
1991 2969 2286 3012 secundum
2307 2969 2468 3014 conti-

264 3052 391 3084 nere
412 3043 673 3095 oportere,
696 3053 725 3084 e
744 3042 894 3085 titulo
917 3054 963 3084 a.
985 3041 1098 3085 1592
1115 3041 1257 3095 typis
1277 3051 1475 3084 excuso
1496 3040 1672 3084 edocti
1689 3052 1875 3084 sumus
1898 3039 2021 3096 (vid.
2037 3042 2166 3083 tom.
2183 3040 2230 3082 II
2243 3052 2293 3095 p.
2308 3039 2396 3083 439
2416 3043 2468 3083 et

266 3111 503 3166 epistulae
534 3112 582 3155 d.
610 3111 663 3155 19
689 3115 741 3155 et
764 3112 823 3156 20
849 3124 919 3155 m.
941 3112 1065 3167 Apr.
1095 3124 1142 3155 a.
1169 3111 1282 3155 1593
1308 3111 1378 3154 ad
1404 3111 1641 3154 Curtium
1667 3114 1719 3154 et
1745 3110 2040 3167 Hagecium
2068 3111 2315 3166 scriptae),
2345 3111 2467 3155 inde

266 3182 557 3226 eliceretur.
590 3183 658 3225 At
686 3194 812 3226 cum
841 3183 945 3226 hoc
975 3182 1196 3226 consilio
1226 3182 1522 3234 destitisset,
1557 3183 1792 3226 calculos
1821 3181 2047 3234 Saturni,
2081 3184 2368 3236 antequam
2398 3182 2467 3225 ad

266 3255 473 3296 certum
498 3252 662 3296 finem
688 3253 902 3297 deducti
926 3256 1116 3305 essent,
1142 3253 1327 3307 Tycho
1354 3253 1546 3297 missos
1572 3253 1711 3305 fecit,
1738 3255 1796 3296 ut
1820 3253 1874 3296 in
1898 3252 2106 3296 theoria
2132 3253 2330 3296 Lunari
2354 3264 2468 3308 per-

266 3324 492 3368 ficienda
514 3336 732 3368 omnem
753 3335 976 3379 operam
997 3325 1301 3368 collocaret.
1332 3323 1496 3368 Nobis
1521 3323 1650 3368 satis
1676 3323 1889 3368 difficile
1910 3323 2008 3367 fuit
2027 3323 2332 3378 dijudicare,
2360 3335 2466 3378 quo
