2638 3952
400 294 1010 347 ASTRONOMIAE
1037 292 1604 346 INSTAURATAE
1632 294 2181 349 MECHANICA
2316 297 2396 349 131

332 473 346 504 ἐγ
442 503 445 507 ἢ
625 438 682 490 Χ
702 453 822 502 quo
842 440 1041 502 itaque
1058 453 1089 489 e
1103 438 1400 502 praemissis
1416 437 1722 490 Clarissimi
1741 437 1899 490 illius
1917 439 2202 492 MAGIni
2216 440 2396 492 literis

333 505 335 575 f
401 510 413 522 '‘
465 565 473 580 1
530 511 531 514 ’
625 509 965 575 intelligam,
994 510 1096 560 esse
1123 511 1186 560 in
1209 508 1378 560 Italia
1398 509 1753 574 Magnifieos
1780 510 2065 573 quosdam
2086 510 2138 562 &
2157 512 2394 575 praecel-

333 578 335 593 ¹
445 584 459 595 ²
474 596 497 617 λ
625 581 811 633 lentes
830 583 1005 641 virOS,
1028 582 1130 644 qui
1143 579 1564 632 Astronomicis
1585 581 1760 633 rebus
1780 580 2009 640 addicti,
2033 582 2275 646 Organa
2295 586 2394 634 eti-

472 679 487 699 »
561 650 590 715 s
626 668 725 704 am
745 652 821 704 ad
841 652 1170 703 nostrorum
1190 654 1581 703 imitationem
1601 667 1829 716 parare,
1851 659 2028 717 atque
2047 653 2395 706 observatio-

625 739 731 775 nes
765 723 1102 788 Corporum
1135 722 1477 775 Coelestium
1514 723 1607 775 his
1645 722 1923 775 subtiliter
1960 724 2239 788 perficere
2272 741 2396 777 non

440 826 442 828 -
625 794 1130 846 intermittendum
1162 794 1395 854 ducant,
1431 794 1505 846 est
1537 795 1674 847 sane
1706 795 1765 846 id
1797 795 1946 846 mihi
1978 796 2184 847 auditu
2215 812 2397 860 quam

181 868 673 933 jucundissimum.
695 866 822 917 Nec
843 866 1062 926 dubito,
1085 868 1231 930 quin
1252 868 1471 917 eximia
1491 866 1710 918 utilitas
1724 866 1800 918 ad
1814 867 2022 917 Artem
2036 866 2395 919 Astronomi-

187 954 319 991 cam
344 938 750 1002 ampliandam
776 937 914 989 hinc
940 952 1298 1002 promanare
1325 944 1524 1001 queat:
1551 937 1836 1002 fiquidem
1862 940 1925 989 in
1951 936 2192 990 recliore
2214 954 2396 1002 quam

186 1026 313 1070 nOS,
334 1010 599 1062 habitent
613 1008 876 1074 Sphaera,
893 1009 945 1060 &
958 1008 1190 1060 solertia
1203 1009 1432 1072 praediti
1446 1008 1551 1060 fint
1566 1009 1794 1074 infigni;
1816 1009 2146 1073 opibusque
2161 1010 2395 1074 insuper

95 1099 137 1134 ιο
186 1082 440 1141 valeant,
462 1081 675 1145 quibus
695 1080 867 1132 hosce
887 1080 1149 1144 sumptus
1169 1079 1339 1131 facile
1360 1079 1685 1132 sustineant.
1711 1081 1995 1145 Optarem
2008 1096 2151 1132 vero
2171 1096 2242 1133 ea
2260 1097 2395 1145 quae

186 1151 471 1206 hac'tenus
491 1152 566 1204 ab
586 1151 701 1203 illis
723 1151 974 1204 Coelitus
996 1150 1359 1216 deprehensa
1378 1151 1523 1211 sunt,
1551 1167 1786 1203 mecum
1812 1159 2043 1204 mature
2068 1155 2395 1204 communi-

187 1227 329 1285 cari;
352 1224 512 1288 quod
524 1239 684 1275 nunc
700 1223 1069 1275 commodius
1083 1222 1212 1274 fieri
1226 1223 1375 1287 posse
1391 1223 1674 1283 existimo;
1691 1223 1974 1287 fiquidem
1988 1226 2051 1274 in
2067 1223 2397 1276 Germania

187 1297 411 1362 degam,
427 1302 604 1360 atque
619 1294 733 1346 hoc
746 1302 1010 1359 tempore
1025 1309 1208 1359 prope
1221 1294 1777 1355 HAMBVRGVM,
1792 1295 2139 1360 Emporium
2151 1295 2393 1356 celebre,

187 1368 347 1432 quod
374 1382 510 1418 cum
535 1366 694 1418 Italis
722 1381 960 1430 quoque
987 1365 1246 1430 plurima
1270 1365 1448 1417 habet
1474 1369 1846 1426 commercia,
1873 1369 1936 1418 in
1956 1367 2109 1418 Arce
2134 1367 2394 1431 quadam

96 1457 136 1491 15
186 1438 724 1491 RANZOVIANA
757 1437 1068 1490 subsistam:
1102 1443 1205 1489 aut
1237 1440 1431 1496 etiam,
1464 1437 1504 1488 fi
1537 1437 1678 1490 alibi
1709 1437 1856 1490 forte
1885 1438 2121 1503 posthac
2150 1441 2214 1490 in
2242 1437 2392 1490 Teu-

185 1510 394 1563 thonia
412 1509 649 1569 fuerim;
670 1509 729 1561 id
750 1509 1030 1574 quicquid
1052 1512 1158 1560 erit
1177 1508 1347 1560 facile
1368 1524 1464 1560 me
1484 1512 1763 1562 inveniat.

257 1582 611 1634 Potissimum
635 1596 778 1632 vero
805 1580 864 1632 id
891 1581 1052 1644 quod
1078 1580 1426 1631 Illustrissimi
1452 1580 1915 1633 VENETiarum
1942 1581 2256 1645 Magnates
2287 1581 2394 1645 (uti

187 1669 260 1705 ex
273 1653 470 1714 literiS,
491 1668 746 1717 quarum
761 1652 941 1704 modo
956 1654 1321 1703 mentionem
1335 1652 1658 1716 aliqualem
1671 1652 1798 1713 feci,
1819 1652 2076 1717 percepi)
2098 1659 2235 1704 ante
2250 1668 2392 1717 pau-

187 1740 286 1777 cos
312 1726 524 1776 Annos
551 1724 813 1776 Heroico
842 1723 894 1775 81
919 1722 1147 1774 liberali
1172 1723 1465 1787 propofito
1493 1723 1919 1783 constituerant,
1950 1730 2014 1775 ut
2044 1726 2392 1783 executioni,

90 1813 136 1848 20
185 1796 226 1848 fi
251 1794 535 1848 haetenus
563 1795 638 1847 ob
665 1795 896 1859 aliquas
921 1797 1377 1846 intervenientes
1406 1810 1671 1847 remoras
1703 1795 1809 1858 (uti
1838 1811 2278 1859 nonnunquam
2306 1795 2391 1859 fit)

185 1868 563 1919 intermissum
584 1866 675 1927 est,
698 1869 1025 1918 etiamnum
1042 1866 1372 1926 mandetur,
1395 1867 1607 1930 quibus
1621 1868 1843 1930 possum
1858 1866 2142 1931 precibuS,
2164 1869 2390 1918 animo-

185 1955 300 2003 que
316 1939 529 1991 devoto
545 1945 908 2003 exoptarem:
929 1953 1048 2002 quo
1064 1939 1348 1989 nimirum
1362 1938 1577 2002 aliquis
1591 1941 1915 1989 mitteretur
1924 1940 2162 2002 Juvenis
2176 1937 2393 1990 harum

185 2026 384 2062 rerum
395 2009 725 2074 intelligens
735 2009 787 2060 &
797 2024 1015 2074 gnarus
1027 2011 1090 2060 in
1099 2009 1323 2061 Urbem
1331 2008 1663 2070 AEGYPTI,
1674 2009 1817 2060 olim
1825 2009 2390 2070 ALEXANDriam‚

184 2098 343 2134 nunc
364 2081 745 2133 ALKAIram
766 2079 995 2140 dictam,
1024 2083 1126 2144 qui
1146 2079 1306 2131 isthic
1326 2087 1462 2132 ante
1484 2083 1689 2132 omnia
1709 2081 2103 2132 elevationem
2123 2080 2249 2132 Poli
2269 2088 2390 2132 tam

89 2170 134 2204 25
185 2169 256 2205 ex
287 2153 440 2213 Sole,
472 2168 608 2204 cum
636 2155 699 2204 in
727 2153 857 2217 ipsa
886 2151 1139 2203 Meridie
1170 2151 1260 2212 est,
1292 2167 1473 2215 quam
1501 2152 1691 2204 Stellis
1719 2152 2125 2204 Meridianum
2153 2167 2390 2216 quoque

183 2233 306 2277 tam
333 2224 535 2276 versusv
559 2224 839 2275 Austrum
869 2239 1051 2288 quam
1080 2223 1335 2274 Boream
1367 2223 1815 2284 transeuntibuS,
1849 2224 2262 2275 accuratissime
2292 2224 2391 2275 ob-

182 2296 450 2355 servaret,
472 2295 736 2347 adhibito
756 2302 924 2346 motu
940 2294 1091 2347 Solis
1106 2310 1143 2346 a
1156 2295 1327 2346 nobis
1342 2293 1616 2356 correciQ
1638 2294 1949 2359 nostraque
1969 2294 2226 2346 fixarum
2243 2298 2390 2346 veri-

183 2367 480 2419 ficatione:
501 2366 679 2431 idque
702 2382 836 2419 eam
855 2366 1175 2431 praesertim
1196 2366 1270 2418 ob
1292 2365 1543 2425 causam,
1565 2373 1629 2418 ut
1648 2372 1804 2418 certo
1823 2365 2082 2417 constare
2097 2373 2289 2430 queat,
2312 2382 2391 2418 an

183 2439 310 2491 Poli
340 2438 661 2491 sublimitas
694 2438 872 2502 longo
904 2439 1019 2489 aevi
1049 2436 1235 2490 tractu
1267 2437 1706 2501 aliquantulum
1735 2444 1914 2498 nutet,
1949 2453 2057 2489 nec
2086 2453 2184 2489 ne:
2218 2439 2300 2489 ita
2329 2444 2392 2489 ut

89 2526 135 2561 30
183 2510 383 2562 Terrae
403 2509 609 2576 finguli
630 2510 989 2562 Horizontes
1015 2524 1141 2560 non
1159 2508 1384 2573 semper
1409 2509 1660 2560 eandem
1686 2509 1808 2573 post
1833 2508 2022 2560 multa
2040 2508 2391 2560 saeculorum

184 2581 495 2634 intervalla
514 2581 783 2633 sentiant:
813 2580 1319 2645 quemadmodum
1342 2580 1618 2632 nonnulli
1639 2583 1840 2632 eximii
1860 2579 2271 2632 Mathematici
2292 2582 2390 2632 eti-

108 2657 135 2698 †
185 2669 285 2705 am
310 2656 460 2704 inter
487 2652 638 2717 ipsos
661 2652 838 2704 Italos
863 2667 988 2703 non
1012 2651 1240 2703 levibus
1265 2652 1495 2703 indiciis
1515 2651 1894 2716 suspicantur:
1922 2658 2048 2703 tum
2070 2667 2307 2715 quoque
2329 2658 2392 2702 ut

186 2740 272 2785 ea,
313 2739 448 2788 quae
480 2724 742 2775 summus
774 2723 872 2775 ille
906 2722 1379 2776 COPERNICus
1413 2725 1566 2775 circa
1597 2726 1934 2775 intricatum
1965 2724 2114 2774 Axis
2145 2723 2390 2774 Terreni

108 2799 135 2841 ’τ
185 2802 431 2855 motum,
452 2802 516 2847 ut
535 2798 927 2847 mutationem
947 2794 1305 2858 obliquitatis
1323 2794 1618 2858 Eclipticae
1638 2794 1901 2855 salvaret,
1923 2797 2226 2859 ingeniose
2247 2797 2390 2846 ima-

90 2883 135 2918 35
184 2869 416 2932 ginatus
446 2866 536 2927 est,
567 2866 640 2918 fic
670 2869 847 2918 etiam
876 2865 1319 2930 quodammodo
1351 2868 1679 2917 examinari
1712 2872 1947 2930 queant.
1982 2865 2274 2929 Quamvis
2307 2865 2392 2928 (ut

185 2938 393 2998 dicam,
433 2938 593 3002 quod
621 2953 715 2989 res
742 2937 1031 3002 postulare
1057 2936 1308 3000 videtur)
1343 2939 1521 2989 etiam
1552 2944 1831 2988 manente
1863 2943 2146 3001 perpetuo
2181 2936 2389 2988 eadem

185 3007 384 3062 exacte
410 3009 537 3060 Poli
562 3009 735 3073 supra
761 3011 1030 3073 quemvis
1056 3009 1450 3060 Horizontem
1476 3008 1804 3059 Altitudine
1836 3011 1963 3073 ejus
1993 3007 2105 3059 hac
2134 3010 2197 3059 in
2226 3014 2389 3072 parte

185 3080 540 3146 Hypothefis
567 3080 826 3132 constare
852 3080 1026 3144 possit,
1053 3079 1233 3131 modo
1260 3095 1382 3131 non
1410 3079 1529 3130 alia
1549 3079 1858 3131 obstarent:
1888 3079 2178 3142 Quamvis
2202 3079 2274 3130 de
2297 3078 2389 3130 his

184 3167 343 3203 nunc
368 3151 647 3203 subtiliter
673 3151 980 3215 disputare,
1007 3166 1323 3215 meamque
1345 3150 1650 3202 censuram
1673 3154 2046 3215 interponere
2070 3150 2245 3201 nostri
2266 3165 2389 3201 non

89 3238 136 3273 ⁴0
184 3222 248 3274 fit
272 3222 524 3283 instituti,
551 3238 746 3286 neque
772 3222 937 3274 locus
957 3225 1227 3286 patiatur.
1256 3222 1408 3273 Haec
1428 3228 1628 3273 autem
1649 3224 1710 3273 in
1730 3221 2216 3273 ALEXANDria
2241 3237 2387 3285 prae-

185 3296 354 3357 cipue
374 3292 691 3346 factitanda
712 3294 1194 3358 experiundaque
1215 3293 1525 3353 censerem,
1547 3293 1706 3357 quod
1727 3308 1909 3357 quam
1928 3295 2187 3344 maxime
2209 3292 2387 3343 credi-

183 3363 298 3416 bile
331 3364 410 3423 fit,
442 3364 919 3417 PTOLEmaeum
951 3364 1336 3428 principalem
1370 3367 1432 3415 in
1464 3364 1884 3415 Astronomicis
1916 3363 2237 3423 Artificem,
2273 3363 2387 3445 loci

330 3446 394 3482 17·
2261 3449 2387 3498 ejus
