2638 3952
243 284 324 336 118
454 283 1066 335 ASTRONOMIAE
1093 282 1662 336 INSTAURATAE
1689 283 2239 337 MECHANICA

243 441 391 490 quas
411 422 615 478 trac'tat
635 428 900 477 materiae
917 425 1264 477 Coelestibus
1279 426 1622 490 corporibus
1636 425 1688 477 &
1703 425 2027 478 influentiis
2041 426 2313 493 analogae
2326 426 2449 479 fint.

243 497 501 560 Ideoque
520 496 843 548 terrestrem
856 496 1295 548 Astronomiam
1315 496 1614 561 appellare
1634 496 1809 549 soleo.
1831 497 1899 548 In
1919 496 2032 549 hac
2053 497 2453 563 cognoscenda

242 565 664 632 tractandaque
679 567 816 619 inde
828 583 865 619 a
875 567 1148 619 vicesimo
1162 570 1331 619 tertio
1344 570 1531 620 aetatis
1543 583 1705 620 anno
1715 583 1840 620 non
1851 570 2050 620 minus
2061 584 2244 633 quam
2256 568 2449 621 Coele-

241 639 414 691 stibus
447 645 784 703 occupatuS,
818 638 1090 704 plurima,
1124 645 1246 691 tam
1278 641 1341 690 in
1373 639 1635 691 Metallis
1668 655 1850 704 quam
1881 639 2291 700 Mineralibus,
2324 646 2450 695 tum

243 726 481 775 quoque
498 709 769 762 Gemmis
788 709 840 762 8(
856 709 1277 775 vegetabilibus
1298 717 1475 775 atque
1497 710 1897 771 crescentibuS,
1920 710 2169 776 aliisque
2189 714 2450 763 materiis
2501 728 2523 762 5

242 781 359 834 huc
379 781 819 846 pertinentibuS,
841 780 1126 834 hactenus
1146 780 1333 833 multo
1354 781 1572 842 labore,
1594 797 1702 834 nec
1719 782 2112 834 mediocribus
2129 781 2452 847 sumptibus

243 859 516 917 expertus
542 852 684 904 sum.
713 853 807 904 De
828 853 1042 917 quibus
1063 869 1198 905 cum
1221 852 1538 905 Illustribus
1560 853 1612 904 8(
1632 853 1997 917 Principibus
2017 855 2174 914 viriS‚
2201 853 2451 918 aliisque

241 924 646 988 praestantibus
673 924 725 975 8(
752 925 1026 984 EruditiS,
1058 927 1159 988 qui
1185 923 1400 976 talibus
1426 923 1781 985 afficiuntur,
1813 931 1989 989 atque
2020 940 2229 976 eorum
2258 927 2450 990 cogni-

241 998 465 1047 tionem
494 995 760 1059 aliquam
789 995 1025 1056 habent,
1059 998 1316 1060 ingenue
1346 995 1628 1055 conferre,
1662 1003 1839 1061 atque
1871 995 2166 1048 nonnulla
2194 998 2265 1048 iis
2295 1012 2450 1048 com-

241 1069 547 1119 municare
580 1082 683 1131 per
716 1067 1083 1119 occasionem
1115 1083 1240 1119 non
1271 1067 1711 1132 tergiversabor;
1744 1067 1925 1119 modo
1957 1067 2106 1119 mihi
2138 1067 2210 1119 de
2243 1082 2451 1120 eorum
2505 1083 2548 1118 ιο

241 1138 545 1190 voluntate
567 1138 891 1198 constiterit,
914 1139 1193 1203 quodque
1215 1154 1287 1190 ea
1306 1138 1523 1190 secreta
1541 1138 1800 1190 habituri
1820 1138 1941 1190 fint.
1964 1138 2135 1191 Talia
2153 1141 2313 1191 enim
2326 1138 2452 1191 vul-

241 1213 405 1275 garia
418 1209 563 1269 fieri,
585 1225 693 1261 nec
709 1211 957 1274 expedit,
977 1225 1085 1261 nec
1101 1225 1345 1274 aequum
1360 1210 1450 1261 est.
1473 1210 1687 1274 Neque
1703 1213 1863 1262 enim
1878 1213 2063 1262 cuivis
2079 1210 2299 1270 datum,
2321 1210 2454 1263 licet

241 1281 412 1333 multi
439 1280 791 1346 eJuscemodi
817 1281 1221 1345 profiteantur,
1252 1281 1382 1333 haec
1408 1281 1678 1346 mysteria
1704 1281 1899 1334 debito
1925 1282 2106 1333 modo
2132 1281 2453 1334 secundum

242 1353 490 1405 Naturae
513 1355 884 1418 exigentiam,
906 1355 1149 1404 innoxie
1170 1359 1347 1416 atque
1367 1352 1584 1404 utiliter
1605 1355 1834 1417 exequi.

313 1424 407 1475 Ne
433 1426 666 1489 paginae
692 1423 998 1488 sequentes
1024 1430 1319 1484 vacarent,
1346 1423 1568 1488 placuit
1594 1424 1809 1476 addere
1837 1430 1951 1476 tres
1977 1423 2275 1489 Epistolas,
2303 1439 2452 1488 quas
2506 1439 2548 1474 15

242 1495 361 1547 duo
381 1495 817 1560 praestantissimi
831 1498 942 1546 viri
959 1495 1035 1547 ad
1052 1510 1148 1547 me
1164 1496 1235 1547 de
1250 1495 1659 1547 Astronomico
1674 1498 1910 1560 negotio
1923 1495 2287 1560 scripserunt:
2310 1511 2451 1560 qua-

241 1581 374 1618 rum
394 1582 517 1619 una
538 1566 613 1618 est
634 1566 981 1618 Nobilissimi
997 1566 1048 1617 8(
1063 1566 1410 1631 Amplissimi
1430 1566 1588 1618 illius
1602 1567 1632 1628 J
1637 1567 1807 1619 acobi
1827 1567 2017 1619 Curtii
2036 1566 2254 1631 Optim.
2274 1581 2450 1619 mem.

242 1638 693 1691 Procancellarii
710 1645 888 1690 antea
902 1638 1160 1702 Imperii:
1183 1637 1449 1702 Reliquae
1467 1637 1603 1690 duae
1615 1638 1644 1699 J
1649 1637 1907 1690 ohannis
1921 1638 2153 1703 Magini
2167 1638 2451 1699 Patavini,

243 1709 706 1761 Excellentissimi
735 1709 894 1774 apud
925 1710 1102 1761 Italos
1128 1708 1541 1761 Mathematici
1569 1716 1746 1774 atque
1772 1709 2131 1762 Astronomi:
2162 1716 2227 1761 ut
2254 1709 2350 1763 vel
2379 1725 2452 1762 ex

313 1781 406 1833 his
432 1781 808 1845 aliquatenus
834 1787 1046 1846 pateat,
1074 1788 1361 1845 quantam
1387 1780 1460 1832 de
1485 1796 1582 1832 me
1603 1783 1977 1845 conceperint
2001 1780 2246 1846 spemin
2269 1780 2382 1834 hac
2503 1795 2549 1830 20

385 1853 527 1904 Arte
549 1855 749 1904 eximii
767 1852 819 1904 8(
831 1852 1055 1918 judicio
1075 1851 1466 1917 praevalentes
1479 1854 1612 1904 viri:
1635 1868 1892 1917 quorum
1911 1851 2120 1904 fimilia
2138 1852 2311 1917 plura
2577 1862 2589 1868 “

456 1925 615 1988 apud
640 1939 736 1975 me
763 1924 1147 1976 reservantur.
1176 1924 1328 1975 Haec
1355 1923 1478 1975 sola
1503 1924 1777 1976 addenda
1802 1926 2022 1989 putavi,
2050 1939 2126 1976 ne
2152 1926 2237 1975 ni-

526 1998 683 2047 mius
707 1998 771 2047 in
797 1994 889 2047 his
915 1995 1161 2047 viderer.
1190 1995 1271 2048 Ut
1292 2010 1435 2047 vero
1462 1994 1680 2047 horum
1706 2002 1885 2060 atque
1912 1995 2167 2047 aliorum

703 2068 774 2119 de
795 2082 891 2119 me
911 2067 1214 2132 praeclarae
1236 2064 1649 2131 exspectationi
1669 2066 1995 2131 aliquando

913 2138 1280 2200 satisfaciam,
1301 2137 1543 2190 summis
1563 2137 1785 2191 viribus
2500 2153 2547 2187 25

1038 2212 1295 2270 annitar;
1317 2209 1495 2274 idque
1515 2209 1659 2262 faxit

1211 2281 1438 2333 DEUS.
1461 2276 1482 2348 ΙΙ

2064 3417 2447 3482 SEQVITVR
