2638 3952
395 284 1006 339 ASTRONOMIAE
1030 284 1597 340 INSTAURATAE
1623 286 2171 341 MECHANICA
2314 287 2383 340 27

189 423 373 469 Zenith
390 424 647 480 respiciat,
667 424 871 480 reliqua
890 436 1015 480 pars
1034 425 1221 469 haberi
1239 425 1420 481 potest.
1447 426 1515 468 At
1536 425 1660 469 1²01ae
1678 425 1990 469 Altitudines
2010 426 2078 470 fic
2099 426 2387 481 deprehen-

189 496 399 548 duntur,
428 506 536 539 non
566 498 747 539 autem
775 496 924 539 fimul
949 496 1249 539 Azimutha.
1279 496 1418 541 Talis
1443 497 1652 540 sextans
1679 497 1972 540 admodum
2000 497 2386 541 accommodus

190 565 262 610 est
288 577 396 610 non
423 565 756 611 solummodo
781 566 1169 618 Altitudinibus,
1198 567 1285 611 sed
1314 568 1356 611 ἃ
1385 567 1647 625 Distantijs
1673 567 1937 612 stellarum
1965 568 2034 610 ad
2060 568 2299 612 amussim
2324 568 2387 611 ri-

189 637 417 690 mandis,
443 648 615 692 neque
641 637 1010 682 difficultatem
1037 641 1127 681 aut
1152 637 1575 682 incertitudinem
1602 638 1838 694 aliquam
1856 638 1910 681 in
1930 637 2033 682 hac
2058 638 2386 694 pragmateia

119 717 142 752 ⁵
189 708 424 765 suggerit,
455 719 580 752 cum
608 708 793 764 paucis
822 708 1021 752 constet
1048 708 1301 764 partibus,
1331 709 1620 765 ijsdemque
1648 709 1743 764 (uti
1770 708 1896 766 dixi)
1923 709 2058 753 inter
2087 710 2137 754 l'e
2165 710 2388 754 firmiter

190 779 524 836 contignatis;
555 791 622 823 ne
650 779 786 823 inter
815 779 1205 824 observandum
1233 782 1384 824 extra
1413 780 1652 826 debitum
1675 783 1918 825 tenorem
1945 780 2219 836 quidpiam
2242 781 2297 825 in
2321 791 2387 826 eo

190 850 527 896 distrahatur:
549 862 761 905 unaque
779 850 833 894 id
852 862 965 906 prae
973 850 1080 904 stat,
1101 851 1265 908 (quod
1285 851 1326 894 ἃ
1347 854 1504 896 antea
1522 851 1808 909 innuimus)
1825 854 1884 895 ut
1901 851 1956 894 in
1975 850 2078 895 alla
2091 852 2253 895 etiam
2266 853 2388 897 loca

190 933 298 967 non
317 921 615 974 difficulter,
637 923 679 964 ἃ
699 922 895 977 absque
915 923 1126 967 laefione
1146 925 1306 978 atque
1318 923 1665 968 incommodo
1677 922 2023 978 transportari
2037 926 2210 978 queat.
2233 923 2389 976 Quod

190 993 244 1038 in
264 992 576 1048 quibusdam
595 992 968 1046 Instrumentis,
996 996 1256 1048 quatenus
1274 994 1390 1038 fieri
1414 993 1580 1050 potest
1602 993 1960 1050 praestandum
1978 994 2143 1038 venit:
2171 1006 2237 1038 ne
2257 994 2390 1038 servi

100 1071 143 1107 ιο
309 1065 554 1108 locorum
574 1064 746 1108 fimus.
775 1063 998 1119 Oportet
1017 1064 1160 1109 enim
1177 1064 1554 1110 Astronomum
1575 1065 1766 1121 potius,
1794 1077 1957 1121 quam
1977 1065 2092 1109 aliis
2109 1065 2272 1110 Philo-

452 1134 648 1190 sophiae
668 1134 907 1190 partibus
926 1135 1164 1180 deditum
1182 1132 1559 1189 κοςμοπολίτην
1578 1135 1694 1188 esse,
1715 1136 1757 1180 ἃ
1775 1136 1971 1191 ubique
1990 1137 2131 1180 loco-

687 1218 824 1259 rum,
845 1209 1004 1262 prout
1022 1206 1123 1251 fert
1142 1207 1500 1252 commoditas
1518 1207 1604 1252 vel
1622 1206 1895 1253 necessitas

951 1277 1100 1322 suam
1119 1280 1367 1334 reputare
1385 1277 1631 1322 Patriam.

343 3423 388 3459 4·
1922 3464 1925 3466 ,
1969 3414 2403 3479 QVADRANS
