2638 3952
44 418 148 462 E3r

81 1116 124 1152 10

81 1473 123 1508 15

78 1829 124 1864 20

79 2186 124 2221 25

376 251 988 305 ASTRONOMIAE
1014 249 1583 303 INSTAURATAE
1609 251 2159 305 MECHANICA
2303 253 2372 304 93

701 395 1706 552 ΕΧΡΒΙΟΑΤξῙὲξέΒΚΙΟᾺΕ
1733 396 1847 457 ΕΤ

434 808 452 811 -
574 790 576 800 ,
612 751 686 794 ita
712 752 769 792 ut
793 749 932 791 intra
951 708 1201 802 cryptam
1221 748 1485 790 muralem
1506 747 1559 790 in
1579 759 1680 790 axe
1702 749 1939 802 quodam
1960 747 2084 791 forti
2103 690 2374 803 Chalybeo

279 809 297 817 ί
320 866 352 880 ⁴„
372 806 471 885 ’χχ’
534 805 576 881 ῥ’
613 821 798 865 Zenith
817 820 858 862 81
881 818 1047 862 Nadir
1071 818 1378 873 respiciente
1398 819 1824 871 convolueretur,
1846 819 1887 861 8ι
1908 820 2057 862 simul
2080 819 2217 862 intra
2238 819 2376 862 muri

315 882 325 897 '
368 894 369 901 ’
407 879 468 910 '“³
615 892 838 947 cryptici
858 889 1361 941 circumferentiam,
1388 890 1668 933 Armillam
1687 891 1903 933 firmam
1926 891 2148 934 haberet
2168 890 2377 933 Azimu-

430 957 445 972 “
531 962 553 981 ¹
612 964 831 1015 thalem,
862 962 1321 1018 quemadmodum
1347 961 1493 1004 isthic
1515 973 1640 1004 cum
1664 962 1778 1017 alijs
1799 962 2068 1016 requisitis,
2094 962 2199 1005 huc
2225 962 2377 1016 perti-

171 1036 431 1088 nentibus,
454 1035 771 1080 sufficienter
790 1035 832 1077 ἃ
852 1032 1119 1089 depictum
1139 1032 1181 1075 ἃ
1201 1033 1524 1087 explicatum
1545 1032 1630 1076 est.
1651 1032 1852 1076 Verum
1874 1045 1999 1077 cum
2018 1033 2215 1076 ibidem
2234 1033 2371 1088 polli-

173 1108 307 1152 citus
328 1108 438 1160 fim,
462 1119 550 1151 me
572 1107 662 1151 suo
683 1108 804 1151 loco
826 1107 1052 1159 alteram
1072 1104 1183 1160 eJus
1204 1104 1607 1159 dispositionem,
1630 1107 1734 1158 qua
1756 1105 1822 1148 ab
1844 1104 1989 1148 initio
2009 1105 2130 1148 usus
2151 1105 2374 1156 fueram,

173 1179 513 1231 ostensurum,
542 1190 609 1222 en
634 1190 758 1222 eam
782 1178 869 1221 hic
896 1177 1085 1220 habes:
1115 1188 1236 1230 quae
1262 1175 1513 1219 brevibus
1540 1176 1608 1219 fic
1635 1175 2024 1230 explanabitur:
2052 1176 2244 1219 ABCD
2270 1176 2375 1231 ipse

173 1251 470 1303 Quadrans,
491 1251 536 1293 A
557 1250 748 1293 Centro
775 1249 1079 1304 descriptus,
1107 1248 1149 1290 81
1175 1247 1448 1299 Quadrato
1469 1247 1662 1290 AEFG
1689 1247 2116 1302 comprehensus.
2146 1248 2265 1303 Ejus
2288 1247 2376 1291 Re-

173 1324 293 1378 gula
306 1323 438 1374 ACI,
459 1321 675 1364 inferius
696 1320 1009 1372 extenditur,
1031 1320 1101 1363 ad
1121 1319 1464 1363 manubrium
1485 1318 1552 1370 H,
1574 1330 1741 1373 prope
1756 1318 1900 1372 quod
1914 1318 1984 1362 est
1997 1318 2373 1373 pinnacidium,

173 1394 393 1437 rimulas
418 1393 623 1437 habens
651 1391 903 1447 superiori
926 1392 996 1434 ad
1016 1392 1054 1434 C
1072 1391 1370 1434 Parallelas.
1399 1391 1684 1445 Elongatur
1707 1401 1838 1433 vero
1866 1402 1898 1433 a
1925 1390 1962 1432 C
1987 1390 2040 1433 in
2066 1391 2087 1432 Ι
2115 1391 2378 1445 superiore

172 1468 338 1521 parte,
359 1468 418 1508 ut
437 1465 772 1517 Quadratum
791 1463 987 1517 ubique
1007 1462 1311 1517 contingere
1330 1461 1498 1517 possit:
1529 1461 1614 1505 cui
1634 1461 1867 1516 superius
1887 1462 1978 1504 fila
1998 1462 2249 1516 quaedam
2271 1462 2380 1505 Ori-

172 1537 414 1581 chalcica
427 1537 580 1592 juxta
600 1536 620 1578 I
642 1534 972 1579 sustentaculi
991 1535 1112 1577 loco
1134 1534 1314 1577 addita
1335 1534 1464 1585 sunt,
1488 1545 1593 1588 quo
1614 1534 1772 1576 index
1791 1533 1844 1576 in
1863 1533 2001 1576 linea
2021 1532 2166 1577 recta
2185 1533 2379 1588 ubique

172 1610 500 1664 permaneat.
524 1607 658 1659 Quae
679 1619 711 1649 a
730 1605 1016 1661 posteriore
1036 1608 1187 1660 parte
1207 1605 1443 1648 visuntur
1458 1605 1619 1647 ALM
1632 1605 1731 1648 ΝΟ
1751 1604 1986 1648 ferreum
2006 1605 2235 1648 fulcrum
2255 1605 2381 1647 indi-

173 1683 313 1732 cant,
340 1679 706 1731 Quadrantem
725 1681 899 1721 totum
918 1677 971 1720 in
990 1678 1149 1732 plano
1172 1676 1505 1720 Horizontali
1524 1676 1779 1720 substrato
1800 1676 2229 1731 orthogonaliter
2248 1676 2381 1720 susti-

173 1762 319 1794 nens.
354 1750 494 1794 Nam
521 1750 672 1806 juxta
700 1750 745 1792 A
776 1748 1056 1793 Horizonti
1083 1748 1408 1791 Azimuthali
1437 1747 1596 1791 instar
1625 1748 1855 1791 tenaculi
1886 1748 2129 1791 habentis
2161 1747 2297 1791 infra
2331 1748 2380 1791 se

174 1823 510 1867 cochleolam
531 1823 844 1876 plumatam‚
867 1819 1161 1871 associatur‚
1183 1822 1240 1862 ut
1259 1819 1313 1862 in
1333 1831 1397 1863 eo
1419 1831 1514 1874 per
1532 1819 1874 1862 manubrium
1893 1819 2036 1873 quod
2051 1832 2082 1862 a
2096 1820 2380 1874 posteriore

173 1897 323 1949 parte
351 1893 436 1944 est,
464 1893 518 1936 in
542 1893 651 1948 ipso
671 1891 995 1935 Azimuthali
1014 1891 1214 1935 circulo
1237 1892 1553 1945 quacunque
1580 1891 1820 1943 lubuerit,
1849 1891 2178 1934 circumduci
2204 1894 2377 1945 queat.

174 1965 285 2020 Ipse
305 1976 435 2008 vero
450 1964 800 2007 Azimuthalis
821 1963 1072 2014 Circulus‚
1095 1962 1160 2006 de
1182 1973 1287 2016 quo
1308 1963 1514 2016 loquor,
1535 1974 1631 2017 per
1650 1962 1828 2005 literas
1847 1962 2022 2014 PQRS
2043 1963 2381 2017 repraesenta-

171 2039 272 2080 tur.
285 2037 379 2079 Per
389 2035 573 2079 Xvero
585 2035 885 2078 indicantur
896 2034 1125 2088 quinque
1137 2035 1405 2077 columnae
1419 2033 1582 2076 fortes
1595 2037 1767 2077 totam
1782 2033 2093 2076 machinam
2107 2034 2378 2088 gestantes,

175 2108 318 2163 apud
338 2119 568 2162 quarum
588 2106 833 2161 capitella
844 2106 998 2161 juxta
1010 2105 1102 2148 YZ
1117 2105 1232 2148 sunt
1246 2105 1486 2148 cochleae
1501 2105 1767 2159 quaedam,
1790 2116 2048 2160 perennes
2063 2103 2232 2156 dietae,
2255 2116 2381 2147 cum

176 2179 276 2222 suis
308 2178 469 2222 etiam
502 2177 794 2233 manubrijs
826 2176 1160 2228 volubilibus,
1194 2176 1463 2219 Circulum
1494 2175 1905 2228 Azimuthalem‚
1944 2176 1997 2218 in
2028 2175 2380 2230 aequilibrium

175 2249 480 2294 Horizontis
501 2249 849 2303 disponentes,
872 2248 913 2291 ἃ
931 2251 1104 2291 totum
1120 2247 1488 2299 Quadrantem
1505 2247 1557 2289 in
1570 2247 1823 2291 verticale
1843 2248 2064 2302 planum
2084 2247 2378 2302 dirigentes,

99 2379 104 2381 Π
173 2325 332 2377 prout
357 2321 569 2376 exigunt
594 2319 972 2375 perpendicula
996 2320 1138 2374 apud
1158 2319 1204 2361 V
1225 2320 1266 2362 ἃ
1285 2318 1355 2361 W
1375 2319 1588 2374 signata.
1617 2319 1823 2362 Caetera
1844 2318 2082 2362 constant
2102 2330 2168 2361 ex
2187 2318 2381 2361 indica-

84 2969 130 3004 35

85 3325 132 3360 40

172 2393 315 2437 tione
343 2391 485 2436 facta
516 2391 749 2447 superius
778 2391 940 2435 citato
969 2391 1107 2434 loco.
1141 2389 1244 2433 Ubi
1273 2389 1359 2433 hic
1388 2390 1532 2432 idem
1559 2389 1840 2441 Quadrans
1866 2389 2016 2432 aliter
2042 2390 2082 2432 81
2110 2389 2378 2443 aliquanto

175 2463 513 2509 commodius
542 2463 904 2507 ordinabatur.
939 2461 1058 2506 Non
1086 2461 1239 2517 igitur
1266 2460 1434 2504 lubuit
1462 2461 1615 2516 plura
1641 2461 1706 2504 de
1733 2461 1836 2505 hoc
1864 2461 2228 2516 explicationis
2257 2461 2377 2504 loco

174 2539 430 2591 repetere,
451 2546 519 2578 ne
537 2534 802 2578 fastidiose
823 2534 1030 2585 eadem,
1053 2545 1173 2587 quae
1194 2533 1338 2587 prius
1359 2531 1513 2584 dicta,
1535 2544 1900 2587 recoquerem.
1924 2532 1996 2576 Ut
2008 2543 2137 2575 vero
2155 2531 2379 2586 spatium

178 2605 464 2663 subjee‘tum
484 2605 839 2657 nihilominus,
861 2605 1023 2648 veluti
1044 2607 1217 2656 antea,
1240 2606 1618 2659 compleretur3
1643 2604 2031 2648 Hexametrum
2046 2604 2274 2647 Carmen
2294 2603 2381 2646 ad-

177 2679 345 2722 ditum
360 2678 446 2730 est,
470 2677 613 2732 quod
629 2677 830 2721 Nobilis
845 2677 886 2719 81
900 2674 1100 2720 Doctus
1114 2675 1432 2719 Adolescens
1447 2676 1847 2719 FRANCISCVS
1863 2675 2173 2718 GANSNEB
2185 2674 2381 2717 TENG-

179 2750 422 2801 NAGEL,
451 2748 539 2803 qui
566 2747 871 2802 aliquandiu
896 2747 1026 2791 mihi
1051 2747 1148 2790 fuit
1173 2747 1505 2799 domesticus,
1532 2759 1776 2802 meaeque
1803 2759 1832 2790 e
1859 2747 2030 2790 Dania
2055 2745 2381 2801 migrationis

179 2833 378 2872 comes,
401 2831 505 2875 quo
525 2819 612 2863 hic
635 2819 1043 2875 subJungeretur,
1065 2830 1132 2862 ex
1150 2822 1394 2874 tempore
1414 2818 1768 2863 concinnavit.

572 2961 701 3004 EDI
705 2961 797 3004 TE
816 2972 918 3005 vos
935 2960 1179 3005 humiles
1197 2961 1381 3014 ArteS,
1403 2971 1659 3015 cutaeque
1678 2960 1885 3015 supinae

594 3032 810 3086 Cedite‚·
826 3033 970 3076 Nam
992 3032 1181 3076 Musas
1202 3033 1408 3076 tantum
1430 3031 1588 3086 supra
1609 3031 1808 3075 extulit
1825 3042 2020 3075 omnes

472 3103 674 3150 Uranie
694 3103 897 3148 Divina
918 3106 1098 3159 caput,
1125 3103 1370 3148 Caelestia
1391 3104 1651 3158 quantum

466 3176 790 3231 Exuperant
811 3176 1023 3228 Terras,
1046 3176 1306 3230 quantum
1329 3176 1427 3218 lux
1446 3175 1594 3218 alma
1617 3173 1873 3218 tenebras

472 3247 675 3291 Vincit.-
693 3247 766 3290 Et
782 3257 846 3291 os
864 3246 1077 3290 homini
1094 3246 1295 3291 DEVS
1312 3245 1441 3301 ipse,
1466 3246 1525 3289 ut
1543 3244 1738 3290 Sidera
1759 3244 1971 3300 spediet,

470 3319 600 3362 Tam
622 3317 849 3362 sublime
870 3318 1035 3371 dedit,
1057 3328 1163 3372 quo
1182 3317 1381 3361 sursum
1404 3316 1612 3361 lumina
1635 3317 1799 3370 tollat,

2110 3389 2382 3442 AEthera
