2638 3952
403 298 1013 353 ASTRONOMIAE
1040 297 1608 351 INSTAURATAE
1634 298 2183 352 MECHANICA
2329 300 2398 352 79

266 440 422 484 Hunc
444 439 751 492 sextantem,
773 450 898 483 cum
919 438 1061 494 apud
1081 449 1168 482 me
1189 449 1330 482 anno
1354 437 1467 481 1580
1480 437 1680 481 vidisset
1692 438 1880 481 Paulus
1894 438 2172 481 Witichius
2192 438 2398 494 infignis

195 516 608 562 Mathematicus
628 516 1068 560 wratislaviensis
1093 527 1218 559 eum
1243 515 1581 570 postmodum
1608 514 1939 559 Illustrissimo
1965 514 2185 570 Principi
2211 515 2400 559 GULI-

194 594 384 638 ELMO
407 593 615 647 Hassiae,
637 594 727 638 διο.
751 593 1109 648 Landtgravio
1129 592 1496 637 laudatissimae
1516 592 1795 636 memoriae
1816 591 2041 636 Cassellis
2062 592 2282 648 aperuit,
2311 593 2399 647 qui

192 684 287 728 per
307 672 456 715 suum
482 670 823 715 artificiosum
850 673 1309 725 avtomatopaeum
1332 671 1438 713 tale
1461 681 1591 713 mox
1611 669 2016 713 Instrumentum
2037 669 2230 713 confici
2251 681 2400 713 cura-

121 757 144 792 5
192 749 282 802 vit,
304 748 539 793 alteratis
553 747 882 803 quibusdam,
906 758 1134 803 quorum
1148 748 1232 791 vel
1247 759 1355 791 non
1370 746 1489 790 satis
1503 746 1821 790 meminerat
1834 746 2128 798 Witichius‚
2144 748 2228 790 vel
2242 750 2400 802 prout

191 826 253 882 ijs
273 827 404 870 alias
422 825 592 869 visum
612 825 698 870 est.
725 825 864 869 Nam
884 826 1005 869 loco
1026 824 1266 869 cochleae
1287 825 1332 868 G
1353 827 1603 868 catenam
1623 823 1993 879 apposuerunt,
2015 835 2110 879 per
2130 836 2293 878 quam
2313 836 2401 867 an-

192 904 341 959 gulus
361 902 691 947 Instrumenti
718 902 1004 958 ampliatur
1022 903 1106 946 vel
1133 902 1477 946 contrahitur.
1508 901 1784 946 Divifionis
1810 901 2045 945 formam
2071 901 2299 944 eandem
2325 913 2402 945 re—

190 981 458 1024 tinuerunt
486 992 649 1035 quam
679 980 822 1035 apud
851 991 938 1023 me
968 979 1148 1023 didicit
1176 979 1470 1023 Witichius.
1504 978 1658 1022 Hanc
1689 977 2001 1022 strucsturam
2030 978 2209 1033 postea
2238 978 2400 1022 etiam

193 1057 275 1114 alij
298 1057 487 1101 imitati
506 1058 641 1110 sunt3
664 1057 705 1101 81
726 1057 944 1112 quidam
963 1056 1324 1100 inventionem
1341 1056 1432 1100 fibi
1447 1056 1567 1111 ipsis
1583 1058 1912 1111 arrogarunt‚
1933 1055 2009 1099 uti
2023 1055 2064 1097 81
2078 1055 2131 1098 in
2143 1054 2400 1110 plerisque

101 1142 143 1178 10
311 1134 425 1190 alijs
445 1146 511 1178 ex
532 1134 664 1178 meis
684 1134 873 1178 evenit.
895 1134 1111 1189 Egregia
1126 1145 1256 1177 vero
1277 1133 1347 1177 est
1367 1134 1522 1189 hujus
1540 1133 1871 1177 Instrumenti
1891 1132 2279 1188 comprobatio,

429 1212 573 1266 quod
599 1211 854 1255 distantiae
882 1222 979 1266 per
1005 1211 1132 1254 illud
1159 1211 1383 1255 Cassellis
1409 1209 1582 1263 fa<stae‚
1614 1211 1832 1255 omnino
1859 1211 1911 1253 in
1935 1210 2046 1265 ipso
2072 1210 2165 1252 mi-

549 1291 693 1342 nuto,
715 1288 926 1344 eiusque
941 1288 1138 1332 semisse
1152 1288 1472 1332 conveniant
1486 1299 1612 1331 cum
1628 1287 1704 1344 ijs,
1728 1300 1860 1342 quas
1877 1298 1975 1331 nos
1991 1287 2044 1330 in

668 1366 839 1410 Dania
865 1365 1051 1409 nostris
1073 1365 1395 1409 sextantibus
1417 1366 1737 1421 peregimus:
1765 1365 1927 1408 veluti

787 1455 854 1486 ex
884 1443 1230 1498 Epistolarum
1255 1442 1745 1487 Astronomicarum
1778 1454 1807 1485 e

102 1529 145 1564 15
1013 1520 1197 1564 nostris
1215 1520 1384 1564 Tomo
1407 1520 1581 1575 primo

1207 1597 1382 1652 liquet.

2149 3445 2396 3496 ALIVD
