2638 3952
379 281 990 336 ASTRONOMIAE
1017 279 1583 335 INSTAURATAE
1609 281 2158 336 MECHANICA
2293 285 2362 338 97

168 423 396 474 dratum,
426 422 480 466 in
509 434 614 478 quo
642 422 814 467 fulcro
845 423 1059 467 cuidam
1088 422 1210 466 forti
1238 422 1531 478 praesertim
1558 422 1786 466 Globoso
1815 422 1951 466 inter
1976 423 2364 467 observandum

167 493 468 548 imponitur,
491 494 532 537 81
551 494 604 537 in
623 495 783 549 plana
803 494 1067 538 stellarum
1087 505 1181 548 per
1201 494 1334 537 duos
1349 493 1729 537 observatores
1743 493 1991 548 dirigitur,
2014 494 2228 549 eJusque
2245 495 2365 538 usus

167 575 275 608 non
294 564 446 608 aliter
465 577 627 619 quam
646 565 700 608 in
720 565 1057 609 sextantibus
1075 564 1364 608 instituitur.
1394 564 1571 616 Quare
1597 564 1663 607 de
1689 564 1793 607 hoc
1816 565 1969 619 plura
1987 576 2095 608 non
2116 576 2249 620 opus
2269 566 2367 609 erit

167 636 384 688 addere3
408 636 495 680 sed
516 636 855 680 consulantur
868 635 1130 680 Sextantis
1146 647 1244 691 pro
1259 635 1509 680 distantiis
1524 635 1794 690 capiendis
1808 635 2171 690 expositiones,
2194 638 2229 679 si
2251 637 2366 691 quis

95 713 118 748 5
166 707 416 751 ulteriora
436 707 709 751 desiderat.

705 819 1043 880 RADIVS
1074 818 1832 880 ASTRONOMICVS.

279 920 426 972 ADIJ
447 932 658 976 quoque
671 920 1022 965 Astronomici
1034 921 1185 964 usum
1198 920 1492 976 praesertim
1506 921 1641 965 inter
1653 920 2112 976 peregrinandum,
2135 922 2368 976 quando-

307 992 522 1047 quidem
550 992 706 1036 facile
734 992 992 1047 portatilis
1021 991 1107 1044 est,
1141 991 1467 1047 minimaque
1495 991 1779 1036 includitur
1805 992 1980 1044 theca,
2013 1004 2121 1036 non
2150 994 2367 1036 omnino

167 1063 489 1115 aversamur,
515 1066 632 1106 utut
651 1063 694 1107 is
714 1062 1076 1115 exacstissimas‚
1104 1064 1366 1118 planeque
1386 1063 1629 1107 indubias
1649 1075 1756 1107 non
1776 1064 2015 1118 praebeat
2036 1063 2278 1107 Siderum
2299 1065 2369 1107 di-

75 1139 118 1174 10
167 1134 393 1178 stantias.
420 1134 558 1178 Talis
584 1134 713 1178 mihi
740 1135 809 1178 ad
834 1147 1026 1179 manus
1051 1134 1138 1187 est,
1166 1147 1199 1178 a
1226 1146 1313 1178 me
1338 1134 1446 1190 ipso
1474 1134 1689 1189 quidem
1715 1145 1822 1178 non
1849 1133 2188 1187 constructus,
2220 1136 2307 1179 sed
2337 1148 2368 1178 a

164 1205 562 1250 Praestantissimi
578 1206 714 1249 illius
735 1206 1101 1250 Mathematici
1121 1206 1366 1249 Gemmae
1387 1206 1540 1257 Frisii,
1569 1206 1789 1262 Lovanij
1811 1206 1865 1249 in
1885 1206 2057 1261 Belgio
2078 1207 2205 1250 olim
2226 1207 2369 1250 habi-

88 1276 117 1319 ·l·
164 1277 325 1320 tantis
355 1277 464 1334 (qui
495 1278 561 1320 de
593 1278 697 1321 hoc
729 1277 964 1322 libellum
996 1277 1176 1334 edidit)
1209 1277 1413 1332 Nepote
1442 1277 1695 1321 Gualtero
1721 1277 1970 1321 Arscenio
2003 1278 2366 1322 concinnatus.

163 1348 324 1392 Totus
344 1348 547 1392 constat
566 1348 913 1392 Orichalcicis
932 1348 1198 1392 laminulis
1221 1348 1427 1392 affabre
1454 1348 1757 1403 compositis
1782 1348 1905 1392 licet
1929 1348 2144 1392 interius
2169 1349 2369 1404 ligneus

165 1419 245 1471 sit;
278 1419 320 1462 ἃ
351 1419 651 1474 pinnacidia
684 1423 843 1475 atque
872 1419 1149 1464 divisiones
1177 1420 1355 1472 habet,
1386 1423 1545 1475 prout
1573 1420 1640 1463 ab
1671 1420 1862 1464 eodem
1892 1420 2120 1463 Gemma
2148 1420 2201 1463 in
2230 1419 2368 1464 dicsto

74 1496 117 1531 15
165 1489 299 1534 libro
321 1490 559 1535 traditur.
590 1491 759 1547 HuJus
778 1491 983 1547 longior
1003 1491 1211 1546 Regula,
1240 1491 1327 1534 seu
1346 1491 1451 1546 ipse
1472 1491 1679 1543 Radius,
1706 1490 1870 1534 habet
1888 1492 2047 1546 paulo
2069 1492 2185 1546 plus
2206 1504 2369 1546 quarn

164 1564 272 1605 tres
305 1562 533 1606 cubitos:
568 1562 628 1605 In
660 1562 880 1607 crassitie
911 1574 1040 1607 vero
1074 1562 1431 1617 quadrilatera
1461 1562 1656 1617 ubique
1686 1563 1830 1616 quasi
1862 1562 2065 1617 pollicis
2098 1563 2370 1619 majusculi

166 1632 518 1677 latitudinem:
548 1633 1003 1677 Transversarium
1033 1633 1103 1677 est
1133 1634 1277 1688 quasi
1304 1633 1522 1676 dimidia
1547 1645 1672 1688 pars
1697 1633 1854 1688 ipsius
1880 1633 2026 1677 Radii
2050 1637 2164 1677 tam
2191 1634 2368 1688 quoad

165 1704 546 1759 longitudinem
571 1717 735 1760 quam
761 1705 1108 1748 latitudinem.
1137 1705 1365 1748 Confieri
1388 1705 1612 1759 insuper,
1640 1705 1682 1747 ἃ
1708 1716 1804 1760 ego
1830 1716 1926 1759 per
1951 1716 2101 1748 meos
2127 1705 2369 1749 Artifices

167 1776 351 1819 curavi
378 1776 541 1819 alium
568 1777 744 1820 adhuc
772 1776 1010 1828 Radium,
1037 1776 1269 1820 totaliter
1294 1776 1455 1820 etiam
1481 1775 1899 1827 Orichalcicum;
1928 1777 2015 1819 sed
2040 1776 2255 1820 interius
2282 1789 2370 1820 va·

71 1852 118 1887 20
167 1858 345 1899 cuum,
378 1848 629 1902 nulloque
658 1847 795 1903 ligno
826 1847 1090 1892 farcitum.
1122 1847 1299 1891 Habet
1327 1847 1469 1891 enim
1498 1847 1695 1903 lignum
1723 1847 1864 1891 hanc
1893 1850 2157 1900 naturam,
2190 1851 2248 1891 ut
2278 1848 2369 1890 nisi

166 1918 419 1973 peculiari
446 1919 610 1963 modo
637 1919 686 1962 ei
711 1919 1063 1971 subveniatur,
1091 1918 1372 1962 laminulas
1399 1917 1776 1971 Orichalcicas,
1806 1918 1995 1974 quibus
2022 1918 2370 1973 superinduci-

165 1992 266 2042 tur,
287 1991 353 2034 eo
366 2001 584 2046 vergere
600 1993 770 2046 cogat,
793 1991 898 2045 quo
914 1990 1004 2034 sua
1017 1990 1363 2042 instabilitate,
1385 1990 1426 2032 81
1447 1990 1584 2033 aeris
1605 1990 1898 2033 mutatione
1913 1989 2153 2033 trahitur.
2176 1990 2226 2033 Is
2239 2001 2368 2034 vero

167 2061 375 2113 Radius,
407 2073 567 2116 quem
595 2073 695 2106 nos
723 2061 902 2116 postea
928 2061 1273 2113 confecimus,
1303 2073 1411 2105 non
1440 2061 1841 2116 quadrilaterus,
1873 2061 1959 2104 sed
1987 2061 2252 2104 trilaterus
2282 2061 2367 2113 est,

167 2133 311 2187 quod
340 2133 408 2176 sic
438 2132 605 2176 levior
633 2132 785 2184 foret,
816 2135 975 2187 atque
1004 2133 1091 2177 hae
1118 2136 1226 2176 tres
1256 2132 1556 2187 superficies
1582 2132 1829 2175 omnibus
1858 2131 2193 2175 divisionibus
2222 2132 2276 2175 in
2305 2144 2368 2175 eo

72 2208 118 2243 2⁵
167 2204 482 2248 denotandis
515 2203 828 2248 sufficerent.
868 2203 1032 2247 Effeci
1065 2207 1245 2247 autem
1275 2204 1329 2247 in
1361 2215 1425 2247 eo
1458 2203 1735 2247 divisiones
1773 2205 2007 2258 aequales
2044 2214 2139 2258 per
2175 2202 2370 2258 puncta

164 2274 530 2318 transversalia
566 2275 720 2319 nobis
751 2275 962 2318 usitata:
1003 2286 1110 2329 quo
1142 2276 1211 2318 sic
1243 2275 1518 2318 Canonem
1549 2274 1770 2318 Sinuum
1802 2274 2030 2329 quinque
2061 2274 2370 2329 ziphrarum

125 2372 130 2375 ν
168 2346 499 2400 adaequaret;
528 2345 866 2400 subtiliusque
892 2346 1074 2390 omnia
1100 2349 1451 2400 exequeretur
1476 2358 1639 2400 quam
1666 2349 1788 2389 ante
1814 2343 1983 2388 dictus
2010 2345 2253 2389 Gemmae
2281 2345 2371 2387 Ra-

167 2416 305 2460 dius:
339 2416 589 2461 divisione
622 2417 784 2461 etiam
815 2417 1081 2472 inaequali,
1116 2417 1266 2461 aliter
1298 2417 1557 2469 ordinata,
1592 2417 1845 2472 siquidem
1877 2416 1996 2460 haec
2030 2417 2171 2471 apud
2203 2416 2370 2471 ipsum

167 2488 351 2532 vitiosa
378 2488 450 2531 sit.
479 2487 776 2543 Longitudo
800 2489 840 2532 8ι
866 2489 1131 2541 Latitudo,
1158 2491 1377 2543 totaque
1402 2487 1676 2543 proportio
1702 2487 1871 2531 ferme
1898 2499 2023 2531 cum
2048 2487 2224 2542 priore
2250 2499 2368 2542 par:

73 2562 120 2598 30
167 2559 433 2614 habetque
462 2559 645 2602 similia
674 2559 990 2614 pinnacidia.
1021 2560 1222 2604 Verum
1250 2563 1308 2603 ut
1336 2559 1514 2603 dicam
1542 2558 1595 2602 id
1625 2559 1768 2614 quod
1796 2570 1881 2602 res
1910 2558 1996 2611 est,
2028 2558 2218 2601 Radius
2249 2569 2373 2612 quo-

169 2631 546 2684 modocunque
564 2634 798 2685 paratus,
826 2630 1094 2686 ipsissimas
1118 2631 1211 2688 (uti
1232 2634 1390 2674 antea
1411 2642 1623 2685 quoque
1642 2630 1927 2687 innuimus)
1951 2641 2060 2673 non
2080 2629 2373 2684 suppeditat

170 2700 433 2745 stellarum
455 2701 796 2754 remotiones,
823 2713 890 2745 ne
917 2702 1130 2756 quidem
1152 2701 1405 2746 arctiores
1424 2701 1539 2744 illas
1559 2701 1695 2744 intra
1717 2701 1926 2744 Gradus
1951 2701 2018 2752 15,
2046 2701 2244 2743 nedum
2265 2712 2373 2742 am-

168 2772 378 2827 pliores,
399 2772 452 2814 in
473 2771 662 2826 quibus
683 2773 859 2817 adhuc
879 2775 997 2828 plus
1016 2773 1169 2817 fallit:
1194 2773 1351 2828 CuJus
1371 2772 1447 2816 rei
1466 2772 1699 2816 rationes
1720 2772 1844 2817 alibi
1863 2783 2130 2826 exponere
2148 2783 2256 2815 non
2276 2771 2372 2814 erit

169 2842 406 2894 difficile;
447 2842 548 2886 Hic
582 2843 826 2886 brevitati
858 2843 1139 2887 studemus.
1180 2843 1486 2899 Excogitavi
1516 2843 1855 2888 nihilominus
1886 2843 2105 2898 ipsemet
2135 2842 2371 2885 medium

74 2918 120 2954 ³⁵
170 2913 459 2968 quoddam,
482 2924 588 2968 quo
607 2915 838 2958 totaliter
858 2914 999 2971 Radij
1022 2915 1419 2958 difficultatibus
1439 2914 1480 2957 81
1500 2914 1999 2958 hallucinationibus
2019 2913 2370 2964 subveniatur,

170 2983 416 3028 adhibitis
442 2984 604 3028 etiam
629 2984 682 3027 in
708 2996 773 3028 eo
799 2985 1109 3041 pinnacidijs
1135 2986 1299 3029 rimas
1325 2986 1658 3039 habentibus,
1683 2986 1724 3028 ἃ
1748 2985 2013 3040 cylindro,
2042 2984 2186 3028 circa
2212 2995 2371 3038 quem

170 3066 265 3109 per
289 3054 442 3100 binos
462 3055 843 3100 Observatores
864 3056 1130 3100 distantias
1149 3056 1333 3100 rimari
1352 3057 1522 3109 liceat,
1551 3068 1659 3100 non
1684 3056 1867 3099 minus·
1878 3067 2042 3110 quam
2061 3055 2115 3099 in
2134 3055 2373 3098 sextanti-

171 3125 393 3240 budstherIe
413 3137 519 3182 quo
540 3126 671 3170 alias
691 3128 859 3182 plura,
881 3126 971 3170 ubi
990 3130 1209 3182 paratus
1228 3127 1399 3179 fuerit,
1426 3127 1525 3184 (Est
1545 3127 1686 3171 enim
1706 3138 1846 3170 nunc
1867 3127 1958 3170 sub
1980 3126 2203 3183 fabrica)
2230 3126 2291 3168 D.
2308 3125 2368 3168 V.

171 3196 225 3239 di
345 3196 354 3206 ‘
377 3197 570 3241 sumus.

319 3422 361 3458 ¹³
2005 3410 2372 3464 ANNVLVS
