<?xml version="1.0" encoding="UTF-8"?>
<!DOCTYPE html PUBLIC "-//W3C//DTD XHTML 1.0 Transitional//EN"
    "http://www.w3.org/TR/xhtml1/DTD/xhtml1-transitional.dtd">
<html xmlns="http://www.w3.org/1999/xhtml" xml:lang="en" lang="en">
 <head>
  <title>
</title>
<meta http-equiv="Content-Type" content="text/html;charset=utf-8" />
  <meta name='ocr-system' content='tesseract 3.04.00' />
  <meta name='ocr-capabilities' content='ocr_page ocr_carea ocr_par ocr_line ocrx_word'/>
</head>
<body>
  <div class='ocr_page' id='page_1' title='image "./operaomniaedidit05brahuoft_0115.png"; bbox 0 0 2638 3952; ppageno 0'>
   <div class='ocr_carea' id='block_1_1' title="bbox 384 260 2381 318">
    <p class='ocr_par' dir='ltr' id='par_1_1' title="bbox 384 260 2381 318">
     <span class='ocr_line' id='line_1_1' title="bbox 384 260 2381 318; baseline 0.001 -2"><span class='ocrx_word' id='word_1_1' title='bbox 384 260 2168 318; x_wconf 58' lang='lat' dir='ltr'><strong>ASTRORKnuhEINSTAURATAENussnffARHCA.</strong></span> <span class='ocrx_word' id='word_1_2' title='bbox 2301 266 2381 318; x_wconf 77' lang='lat' dir='ltr'><strong>lm</strong></span> 
     </span>
    </p>
   </div>
   <div class='ocr_carea' id='block_1_2' title="bbox 84 402 2386 1304">
    <p class='ocr_par' dir='ltr' id='par_1_2' title="bbox 84 402 2386 1304">
     <span class='ocr_line' id='line_1_2' title="bbox 176 402 2383 458; baseline 0.001 -12"><span class='ocrx_word' id='word_1_3' title='bbox 176 406 328 458; x_wconf 86' lang='lat' dir='ltr'><strong>parte</strong></span> <span class='ocrx_word' id='word_1_4' title='bbox 359 403 762 457; x_wconf 89' lang='lat' dir='ltr'><strong>quodammodo</strong></span> <span class='ocrx_word' id='word_1_5' title='bbox 794 403 924 455; x_wconf 90' lang='lat' dir='ltr'><strong>fieri,</strong></span> <span class='ocrx_word' id='word_1_6' title='bbox 959 402 1204 458; x_wconf 89' lang='lat' dir='ltr'><strong>quamvis</strong></span> <span class='ocrx_word' id='word_1_7' title='bbox 1235 414 1343 447; x_wconf 92' lang='lat' dir='ltr'><strong>non</strong></span> <span class='ocrx_word' id='word_1_8' title='bbox 1374 406 1488 446; x_wconf 89' lang='lat' dir='ltr'><strong>tam</strong></span> <span class='ocrx_word' id='word_1_9' title='bbox 1521 402 1779 447; x_wconf 73' lang='lat' dir='ltr'><strong>succincte</strong></span> <span class='ocrx_word' id='word_1_10' title='bbox 1812 404 1853 447; x_wconf 78' lang='grc' dir='ltr'><strong>δι</strong></span> <span class='ocrx_word' id='word_1_11' title='bbox 1885 404 2260 456; x_wconf 83' lang='lat' dir='ltr'><strong>universaliter,</strong></span> <span class='ocrx_word' id='word_1_12' title='bbox 2296 405 2383 449; x_wconf 83' lang='lat' dir='ltr'><strong>fed</strong></span> 
     </span>
     <span class='ocr_line' id='line_1_3' title="bbox 177 473 2384 531; baseline 0.001 -13"><span class='ocrx_word' id='word_1_13' title='bbox 177 474 340 518; x_wconf 90' lang='lat' dir='ltr'><strong>modo</strong></span> <span class='ocrx_word' id='word_1_14' title='bbox 368 474 604 528; x_wconf 86' lang='lat' dir='ltr'><strong>quodam</strong></span> <span class='ocrx_word' id='word_1_15' title='bbox 630 474 853 530; x_wconf 86' lang='lat' dir='ltr'><strong>partiali,</strong></span> <span class='ocrx_word' id='word_1_16' title='bbox 881 475 923 518; x_wconf 72' lang='grc' dir='ltr'>ἃ</span> <span class='ocrx_word' id='word_1_17' title='bbox 948 474 1215 518; x_wconf 91' lang='lat' dir='ltr'><strong>interdum</strong></span> <span class='ocrx_word' id='word_1_18' title='bbox 1235 474 1551 529; x_wconf 78' lang='lat' dir='ltr'><strong>composito:</strong></span> <span class='ocrx_word' id='word_1_19' title='bbox 1581 473 1714 526; x_wconf 86' lang='lat' dir='ltr'><strong>Quae</strong></span> <span class='ocrx_word' id='word_1_20' title='bbox 1733 477 1916 518; x_wconf 90' lang='lat' dir='ltr'><strong>tamen</strong></span> <span class='ocrx_word' id='word_1_21' title='bbox 1941 475 2038 519; x_wconf 88' lang='lat' dir='ltr'><strong>rite</strong></span> <span class='ocrx_word' id='word_1_22' title='bbox 2066 476 2311 531; x_wconf 88' lang='lat' dir='ltr'><strong>expedita</strong></span> <span class='ocrx_word' id='word_1_23' title='bbox 2330 476 2384 520; x_wconf 90' lang='lat' dir='ltr'><strong>id</strong></span> 
     </span>
     <span class='ocr_line' id='line_1_4' title="bbox 175 544 2384 601; baseline 0.001 -13"><span class='ocrx_word' id='word_1_24' title='bbox 175 544 360 600; x_wconf 84' lang='lat' dir='ltr'><strong>ipsum,</strong></span> <span class='ocrx_word' id='word_1_25' title='bbox 395 546 539 600; x_wconf 91' lang='lat' dir='ltr'><strong>quod</strong></span> <span class='ocrx_word' id='word_1_26' title='bbox 571 546 847 601; x_wconf 84' lang='lat' dir='ltr'><strong>expetitur,</strong></span> <span class='ocrx_word' id='word_1_27' title='bbox 882 545 1003 589; x_wconf 83' lang='lat' dir='ltr'><strong>satis</strong></span> <span class='ocrx_word' id='word_1_28' title='bbox 1035 545 1259 600; x_wconf 84' lang='lat' dir='ltr'><strong>praecise</strong></span> <span class='ocrx_word' id='word_1_29' title='bbox 1288 545 1329 588; x_wconf 76' lang='lat'><strong>81</strong></span> <span class='ocrx_word' id='word_1_30' title='bbox 1359 547 1506 590; x_wconf 77' lang='lat' dir='ltr'><strong>certo</strong></span> <span class='ocrx_word' id='word_1_31' title='bbox 1538 545 1876 601; x_wconf 77' lang='lat' dir='ltr'><strong>praestabunt.</strong></span> <span class='ocrx_word' id='word_1_32' title='bbox 1911 547 1991 590; x_wconf 90' lang='lat' dir='ltr'><strong>De</strong></span> <span class='ocrx_word' id='word_1_33' title='bbox 2022 547 2102 590; x_wconf 89' lang='lat' dir='ltr'><strong>his</strong></span> <span class='ocrx_word' id='word_1_34' title='bbox 2133 550 2313 590; x_wconf 90' lang='lat' dir='ltr'><strong>autem</strong></span> <span class='ocrx_word' id='word_1_35' title='bbox 2342 548 2384 590; x_wconf 78' lang='grc' dir='ltr'><strong>δι</strong></span> 
     </span>
     <span class='ocr_line' id='line_1_5' title="bbox 177 615 2383 673; baseline 0.001 -14"><span class='ocrx_word' id='word_1_36' title='bbox 177 615 426 660; x_wconf 75' lang='lat' dir='ltr'><strong>similibus</strong></span> <span class='ocrx_word' id='word_1_37' title='bbox 447 628 569 671; x_wconf 85' lang='lat' dir='ltr'><strong>quae</strong></span> <span class='ocrx_word' id='word_1_38' title='bbox 589 617 784 672; x_wconf 87' lang='lat' dir='ltr'><strong>partim</strong></span> <span class='ocrx_word' id='word_1_39' title='bbox 798 629 968 672; x_wconf 83' lang='lat' dir='ltr'><strong>nuper</strong></span> <span class='ocrx_word' id='word_1_40' title='bbox 980 617 1293 669; x_wconf 85' lang='lat' dir='ltr'><strong>necessitate,</strong></span> <span class='ocrx_word' id='word_1_41' title='bbox 1317 628 1438 672; x_wconf 85' lang='lat' dir='ltr'><strong>quae</strong></span> <span class='ocrx_word' id='word_1_42' title='bbox 1451 617 1606 661; x_wconf 85' lang='lat' dir='ltr'><strong>Artes</strong></span> <span class='ocrx_word' id='word_1_43' title='bbox 1620 617 1793 670; x_wconf 88' lang='lat' dir='ltr'><strong>docet,</strong></span> <span class='ocrx_word' id='word_1_44' title='bbox 1816 618 1883 661; x_wconf 87' lang='lat' dir='ltr'><strong>fic</strong></span> <span class='ocrx_word' id='word_1_45' title='bbox 1898 621 2115 673; x_wconf 86' lang='lat' dir='ltr'><strong>urgente</strong></span> <span class='ocrx_word' id='word_1_46' title='bbox 2129 617 2383 662; x_wconf 71' lang='lat' dir='ltr'><strong>hactenus</strong></span> 
     </span>
     <span class='ocr_line' id='line_1_6' title="bbox 105 687 2385 745; baseline 0.001 -15"><span class='ocrx_word' id='word_1_47' title='bbox 105 695 128 730; x_wconf 85' lang='lat'>5</span> <span class='ocrx_word' id='word_1_48' title='bbox 176 687 488 743; x_wconf 88' lang='lat' dir='ltr'><strong>excogitavi.</strong></span> <span class='ocrx_word' id='word_1_49' title='bbox 518 687 714 743; x_wconf 88' lang='lat' dir='ltr'><strong>partim</strong></span> <span class='ocrx_word' id='word_1_50' title='bbox 742 688 795 731; x_wconf 92' lang='lat' dir='ltr'><strong>in</strong></span> <span class='ocrx_word' id='word_1_51' title='bbox 824 689 1091 744; x_wconf 88' lang='lat' dir='ltr'><strong>posterum</strong></span> <span class='ocrx_word' id='word_1_52' title='bbox 1121 688 1333 732; x_wconf 87' lang='lat' dir='ltr'><strong>favente</strong></span> <span class='ocrx_word' id='word_1_53' title='bbox 1362 688 1594 732; x_wconf 84' lang='lat' dir='ltr'><strong>eiusdem</strong></span> <span class='ocrx_word' id='word_1_54' title='bbox 1625 687 1866 732; x_wconf 88' lang='lat' dir='ltr'><strong>Numinis</strong></span> <span class='ocrx_word' id='word_1_55' title='bbox 1896 689 2214 745; x_wconf 82' lang='lat' dir='ltr'><strong>benignitate</strong></span> <span class='ocrx_word' id='word_1_56' title='bbox 2243 690 2385 733; x_wconf 88' lang='lat' dir='ltr'><strong>adin-</strong></span> 
     </span>
     <span class='ocr_line' id='line_1_7' title="bbox 175 759 2386 816; baseline 0.001 -14"><span class='ocrx_word' id='word_1_57' title='bbox 175 762 429 803; x_wconf 88' lang='lat' dir='ltr'><strong>venturus</strong></span> <span class='ocrx_word' id='word_1_58' title='bbox 451 759 579 811; x_wconf 82' lang='lat' dir='ltr'><strong>sum,</strong></span> <span class='ocrx_word' id='word_1_59' title='bbox 601 759 690 803; x_wconf 88' lang='lat' dir='ltr'><strong>vix</strong></span> <span class='ocrx_word' id='word_1_60' title='bbox 709 760 919 814; x_wconf 89' lang='lat' dir='ltr'><strong>publice</strong></span> <span class='ocrx_word' id='word_1_61' title='bbox 940 759 1213 815; x_wconf 86' lang='lat' dir='ltr'><strong>quidpiam</strong></span> <span class='ocrx_word' id='word_1_62' title='bbox 1233 760 1601 816; x_wconf 90' lang='lat' dir='ltr'><strong>promulgabo‚</strong></span> <span class='ocrx_word' id='word_1_63' title='bbox 1623 772 1689 803; x_wconf 93' lang='lat' dir='ltr'><strong>ne</strong></span> <span class='ocrx_word' id='word_1_64' title='bbox 1702 763 1816 804; x_wconf 93' lang='lat' dir='ltr'><strong>tam</strong></span> <span class='ocrx_word' id='word_1_65' title='bbox 1830 772 1954 804; x_wconf 91' lang='lat' dir='ltr'><strong>rara</strong></span> <span class='ocrx_word' id='word_1_66' title='bbox 1968 761 2198 813; x_wconf 86' lang='lat' dir='ltr'><strong>inventa,</strong></span> <span class='ocrx_word' id='word_1_67' title='bbox 2221 764 2386 805; x_wconf 87' lang='lat' dir='ltr'><strong>omni-</strong></span> 
     </span>
     <span class='ocr_line' id='line_1_8' title="bbox 235 828 2324 888; baseline 0.001 -15"><span class='ocrx_word' id='word_1_68' title='bbox 235 829 335 874; x_wconf 91' lang='lat' dir='ltr'><strong>bus</strong></span> <span class='ocrx_word' id='word_1_69' title='bbox 353 828 620 885; x_wconf 65' lang='lat' dir='ltr'><strong>patefacta</strong></span> <span class='ocrx_word' id='word_1_70' title='bbox 638 830 733 888; x_wconf 88' lang='lat' dir='ltr'><strong>(uti</strong></span> <span class='ocrx_word' id='word_1_71' title='bbox 751 830 829 886; x_wconf 87' lang='lat' dir='ltr'><strong>fit)</strong></span> <span class='ocrx_word' id='word_1_72' title='bbox 847 831 1121 875; x_wconf 83' lang='lat' dir='ltr'><strong>vilescant:</strong></span> <span class='ocrx_word' id='word_1_73' title='bbox 1143 831 1247 875; x_wconf 86' lang='lat' dir='ltr'><strong>Sed</strong></span> <span class='ocrx_word' id='word_1_74' title='bbox 1264 831 1548 875; x_wconf 86' lang='lat' dir='ltr'><strong>Illustribus</strong></span> <span class='ocrx_word' id='word_1_75' title='bbox 1566 834 1776 875; x_wconf 89' lang='lat' dir='ltr'><strong>tantum</strong></span> <span class='ocrx_word' id='word_1_76' title='bbox 1791 833 1832 875; x_wconf 83' lang='lat'><strong>81</strong></span> <span class='ocrx_word' id='word_1_77' title='bbox 1846 831 2168 886; x_wconf 87' lang='lat' dir='ltr'><strong>Principibus</strong></span> <span class='ocrx_word' id='word_1_78' title='bbox 2182 833 2324 884; x_wconf 90' lang='lat' dir='ltr'><strong>viris,</strong></span> 
     </span>
     <span class='ocr_line' id='line_1_9' title="bbox 294 900 2267 960; baseline 0.002 -16"><span class='ocrx_word' id='word_1_79' title='bbox 294 900 384 956; x_wconf 91' lang='lat' dir='ltr'><strong>qui</strong></span> <span class='ocrx_word' id='word_1_80' title='bbox 407 901 601 945; x_wconf 92' lang='lat' dir='ltr'><strong>talibus</strong></span> <span class='ocrx_word' id='word_1_81' title='bbox 625 901 864 957; x_wconf 88' lang='lat' dir='ltr'><strong>impense</strong></span> <span class='ocrx_word' id='word_1_82' title='bbox 890 902 1196 946; x_wconf 87' lang='lat' dir='ltr'><strong>afficiuntur</strong></span> <span class='ocrx_word' id='word_1_83' title='bbox 1220 902 1470 960; x_wconf 91' lang='lat' dir='ltr'><strong>(quorum</strong></span> <span class='ocrx_word' id='word_1_84' title='bbox 1496 903 1659 947; x_wconf 83' lang='lat' dir='ltr'><strong>etiam</strong></span> <span class='ocrx_word' id='word_1_85' title='bbox 1685 903 1772 955; x_wconf 84' lang='lat' dir='ltr'><strong>est,</strong></span> <span class='ocrx_word' id='word_1_86' title='bbox 1800 903 1940 947; x_wconf 81' lang='lat' dir='ltr'><strong>hisce</strong></span> <span class='ocrx_word' id='word_1_87' title='bbox 1962 904 2267 948; x_wconf 85' lang='lat' dir='ltr'><strong>sublimibus</strong></span> 
     </span>
     <span class='ocr_line' id='line_1_10' title="bbox 353 972 2209 1030; baseline 0.001 -14"><span class='ocrx_word' id='word_1_88' title='bbox 353 972 546 1028; x_wconf 73' lang='lat' dir='ltr'><strong>Studiis</strong></span> <span class='ocrx_word' id='word_1_89' title='bbox 561 973 901 1017; x_wconf 86' lang='lat' dir='ltr'><strong>excellentius</strong></span> <span class='ocrx_word' id='word_1_90' title='bbox 916 986 1079 1028; x_wconf 91' lang='lat' dir='ltr'><strong>quam</strong></span> <span class='ocrx_word' id='word_1_91' title='bbox 1096 973 1227 1017; x_wconf 91' lang='lat' dir='ltr'><strong>alios</strong></span> <span class='ocrx_word' id='word_1_92' title='bbox 1247 973 1508 1026; x_wconf 87' lang='lat' dir='ltr'><strong>homines,</strong></span> <span class='ocrx_word' id='word_1_93' title='bbox 1529 974 1711 1027; x_wconf 91' lang='lat' dir='ltr'><strong>imbui,</strong></span> <span class='ocrx_word' id='word_1_94' title='bbox 1733 986 1903 1030; x_wconf 90' lang='lat' dir='ltr'><strong>eaque</strong></span> <span class='ocrx_word' id='word_1_95' title='bbox 1924 975 2209 1019; x_wconf 84' lang='lat' dir='ltr'><strong>liberaliter</strong></span> 
     </span>
     <span class='ocr_line' id='line_1_11' title="bbox 84 1043 2148 1101; baseline 0.002 -16"><span class='ocrx_word' id='word_1_96' title='bbox 84 1050 127 1086; x_wconf 86' lang='grc' dir='ltr'><strong>ιο</strong></span> <span class='ocrx_word' id='word_1_97' title='bbox 413 1043 455 1087; x_wconf 85' lang='grc' dir='ltr'><strong>8ι</strong></span> <span class='ocrx_word' id='word_1_98' title='bbox 486 1044 821 1089; x_wconf 87' lang='lat' dir='ltr'><strong>laudabiliter</strong></span> <span class='ocrx_word' id='word_1_99' title='bbox 852 1045 1116 1101; x_wconf 85' lang='lat' dir='ltr'><strong>excolere)</strong></span> <span class='ocrx_word' id='word_1_100' title='bbox 1143 1044 1245 1089; x_wconf 93' lang='lat' dir='ltr'><strong>Vbi</strong></span> <span class='ocrx_word' id='word_1_101' title='bbox 1277 1045 1344 1089; x_wconf 89' lang='lat' dir='ltr'><strong>de</strong></span> <span class='ocrx_word' id='word_1_102' title='bbox 1373 1057 1563 1090; x_wconf 92' lang='lat' dir='ltr'><strong>eorum</strong></span> <span class='ocrx_word' id='word_1_103' title='bbox 1593 1045 1848 1090; x_wconf 89' lang='lat' dir='ltr'><strong>Clementi</strong></span> <span class='ocrx_word' id='word_1_104' title='bbox 1875 1047 2148 1090; x_wconf 87' lang='lat' dir='ltr'><strong>voluntate</strong></span> 
     </span>
     <span class='ocr_line' id='line_1_12' title="bbox 476 1115 2088 1170; baseline 0.002 -12"><span class='ocrx_word' id='word_1_105' title='bbox 476 1115 606 1159; x_wconf 90' lang='lat' dir='ltr'><strong>mihi</strong></span> <span class='ocrx_word' id='word_1_106' title='bbox 626 1116 926 1169; x_wconf 85' lang='lat' dir='ltr'><strong>constiterit,</strong></span> <span class='ocrx_word' id='word_1_107' title='bbox 950 1116 1144 1169; x_wconf 69' lang='lat' dir='ltr'><strong>isthaec,</strong></span> <span class='ocrx_word' id='word_1_108' title='bbox 1165 1116 1239 1160; x_wconf 91' lang='lat' dir='ltr'><strong>ita</strong></span> <span class='ocrx_word' id='word_1_109' title='bbox 1257 1120 1440 1160; x_wconf 88' lang='lat' dir='ltr'><strong>tamen</strong></span> <span class='ocrx_word' id='word_1_110' title='bbox 1459 1119 1518 1160; x_wconf 91' lang='lat' dir='ltr'><strong>ut</strong></span> <span class='ocrx_word' id='word_1_111' title='bbox 1535 1117 1590 1161; x_wconf 91' lang='lat' dir='ltr'><strong>in</strong></span> <span class='ocrx_word' id='word_1_112' title='bbox 1610 1117 1819 1162; x_wconf 82' lang='lat' dir='ltr'><strong>secretis</strong></span> <span class='ocrx_word' id='word_1_113' title='bbox 1839 1117 2088 1170; x_wconf 90' lang='lat' dir='ltr'><strong>habeant,</strong></span> 
     </span>
     <span class='ocr_line' id='line_1_13' title="bbox 868 1187 1699 1243; baseline 0.002 -12"><span class='ocrx_word' id='word_1_114' title='bbox 868 1188 1103 1232; x_wconf 82' lang='lat' dir='ltr'><strong>reserare</strong></span> <span class='ocrx_word' id='word_1_115' title='bbox 1123 1190 1283 1243; x_wconf 90' lang='lat' dir='ltr'><strong>atque</strong></span> <span class='ocrx_word' id='word_1_116' title='bbox 1304 1187 1571 1243; x_wconf 85' lang='lat' dir='ltr'><strong>explicare</strong></span> <span class='ocrx_word' id='word_1_117' title='bbox 1591 1200 1699 1233; x_wconf 90' lang='lat' dir='ltr'><strong>non</strong></span> 
     </span>
     <span class='ocr_line' id='line_1_14' title="bbox 1122 1257 1446 1304; baseline 0.006 -2"><span class='ocrx_word' id='word_1_118' title='bbox 1122 1257 1446 1304; x_wconf 72' lang='lat' dir='ltr'><strong>detrectabo.</strong></span> 
     </span>
    </p>
   </div>
   <div class='ocr_carea' id='block_1_3' title="bbox 2072 3413 2385 3467">
    <p class='ocr_par' dir='ltr' id='par_1_3' title="bbox 2072 3413 2385 3467">
     <span class='ocr_line' id='line_1_15' title="bbox 2072 3413 2385 3467; baseline 0 -1"><span class='ocrx_word' id='word_1_119' title='bbox 2072 3413 2385 3467; x_wconf 91' lang='lat' dir='ltr'><strong>GLOBVS</strong></span> 
     </span>
    </p>
   </div>
  </div>
 </body>
</html>
