<?xml version="1.0" encoding="UTF-8"?>
<!DOCTYPE html PUBLIC "-//W3C//DTD XHTML 1.0 Transitional//EN"
    "http://www.w3.org/TR/xhtml1/DTD/xhtml1-transitional.dtd">
<html xmlns="http://www.w3.org/1999/xhtml" xml:lang="en" lang="en">
 <head>
  <title>
</title>
<meta http-equiv="Content-Type" content="text/html;charset=utf-8" />
  <meta name='ocr-system' content='tesseract 3.04.00' />
  <meta name='ocr-capabilities' content='ocr_page ocr_carea ocr_par ocr_line ocrx_word'/>
</head>
<body>
  <div class='ocr_page' id='page_1' title='image "./operaomniaedidit05brahuoft_0057.png"; bbox 0 0 2638 3952; ppageno 0'>
   <div class='ocr_carea' id='block_1_1' title="bbox 80 1135 122 1169">
    <p class='ocr_par' dir='ltr' id='par_1_1' title="bbox 80 1135 122 1169">
     <span class='ocr_line' id='line_1_1' title="bbox 80 1135 122 1169; baseline 0 0"><span class='ocrx_word' id='word_1_1' title='bbox 80 1135 122 1169; x_wconf 87' lang='lat'><strong>10</strong></span> 
     </span>
    </p>
   </div>
   <div class='ocr_carea' id='block_1_2' title="bbox 387 295 2375 353">
    <p class='ocr_par' dir='ltr' id='par_1_2' title="bbox 387 295 2375 353">
     <span class='ocr_line' id='line_1_2' title="bbox 387 295 2375 353; baseline 0.003 -6"><span class='ocrx_word' id='word_1_2' title='bbox 387 295 998 349; x_wconf 82' lang='lat' dir='ltr'><strong>ASTRONOMIAE</strong></span> <span class='ocrx_word' id='word_1_3' title='bbox 1025 297 1592 350; x_wconf 86' lang='lat' dir='ltr'><strong>INSTAURATAE</strong></span> <span class='ocrx_word' id='word_1_4' title='bbox 1620 299 2169 353; x_wconf 86' lang='lat' dir='ltr'>MECHANICA</span> <span class='ocrx_word' id='word_1_5' title='bbox 2308 301 2375 352; x_wconf 83' lang='lat'><strong>43</strong></span> 
     </span>
    </p>
   </div>
   <div class='ocr_carea' id='block_1_3' title="bbox 171 435 2377 1329">
    <p class='ocr_par' dir='ltr' id='par_1_3' title="bbox 171 435 2377 1329">
     <span class='ocr_line' id='line_1_3' title="bbox 174 435 2375 493; baseline 0.003 -15"><span class='ocrx_word' id='word_1_6' title='bbox 174 435 259 479; x_wconf 85' lang='lat' dir='ltr'><strong>hic</strong></span> <span class='ocrx_word' id='word_1_7' title='bbox 279 438 462 479; x_wconf 91' lang='lat' dir='ltr'><strong>tamen</strong></span> <span class='ocrx_word' id='word_1_8' title='bbox 482 446 589 479; x_wconf 92' lang='lat' dir='ltr'><strong>non</strong></span> <span class='ocrx_word' id='word_1_9' title='bbox 609 436 843 491; x_wconf 76' lang='lat' dir='ltr'><strong>exposita</strong></span> <span class='ocrx_word' id='word_1_10' title='bbox 864 436 1088 492; x_wconf 85' lang='lat' dir='ltr'>exprimi</span> <span class='ocrx_word' id='word_1_11' title='bbox 1106 437 1425 481; x_wconf 87' lang='lat' dir='ltr'><strong>curavimus.</strong></span> <span class='ocrx_word' id='word_1_12' title='bbox 1442 437 1622 480; x_wconf 86' lang='lat' dir='ltr'><strong>Visum</strong></span> <span class='ocrx_word' id='word_1_13' title='bbox 1643 438 1820 493; x_wconf 84' lang='lat' dir='ltr'><strong>postea</strong></span> <span class='ocrx_word' id='word_1_14' title='bbox 1842 438 1911 482; x_wconf 83' lang='lat' dir='ltr'><strong>est</strong></span> <span class='ocrx_word' id='word_1_15' title='bbox 1932 440 2229 491; x_wconf 86' lang='lat' dir='ltr'><strong>consultius,</strong></span> <span class='ocrx_word' id='word_1_16' title='bbox 2252 452 2375 484; x_wconf 91' lang='lat' dir='ltr'><strong>eum</strong></span> 
     </span>
     <span class='ocr_line' id='line_1_4' title="bbox 171 511 2376 571; baseline 0.003 -16"><span class='ocrx_word' id='word_1_17' title='bbox 171 511 264 556; x_wconf 88' lang='lat' dir='ltr'><strong>tali</strong></span> <span class='ocrx_word' id='word_1_18' title='bbox 288 512 493 556; x_wconf 89' lang='lat' dir='ltr'><strong>ratione</strong></span> <span class='ocrx_word' id='word_1_19' title='bbox 517 512 694 569; x_wconf 88' lang='lat' dir='ltr'><strong>(prout</strong></span> <span class='ocrx_word' id='word_1_20' title='bbox 719 513 1039 557; x_wconf 83' lang='lat' dir='ltr'><strong>antecedens</strong></span> <span class='ocrx_word' id='word_1_21' title='bbox 1059 513 1279 559; x_wconf 81' lang='lat' dir='ltr'><strong>ostendit</strong></span> <span class='ocrx_word' id='word_1_22' title='bbox 1303 513 1491 571; x_wconf 85' lang='lat' dir='ltr'><strong>figura)</strong></span> <span class='ocrx_word' id='word_1_23' title='bbox 1517 514 1584 558; x_wconf 91' lang='lat' dir='ltr'><strong>ab</strong></span> <span class='ocrx_word' id='word_1_24' title='bbox 1611 514 1716 558; x_wconf 92' lang='lat' dir='ltr'><strong>hoc</strong></span> <span class='ocrx_word' id='word_1_25' title='bbox 1739 514 2071 559; x_wconf 85' lang='lat' dir='ltr'><strong>Horizontali</strong></span> <span class='ocrx_word' id='word_1_26' title='bbox 2096 516 2267 561; x_wconf 87' lang='lat' dir='ltr'><strong>fulcro</strong></span> <span class='ocrx_word' id='word_1_27' title='bbox 2292 529 2376 560; x_wconf 88' lang='lat' dir='ltr'><strong>ex-</strong></span> 
     </span>
     <span class='ocr_line' id='line_1_5' title="bbox 173 589 2373 648; baseline 0.002 -16"><span class='ocrx_word' id='word_1_28' title='bbox 173 591 412 645; x_wconf 87' lang='lat' dir='ltr'><strong>emptum</strong></span> <span class='ocrx_word' id='word_1_29' title='bbox 432 589 832 642; x_wconf 81' lang='lat' dir='ltr'><strong>circumrotare,</strong></span> <span class='ocrx_word' id='word_1_30' title='bbox 855 602 936 642; x_wconf 90' lang='lat' dir='ltr'><strong>eo,</strong></span> <span class='ocrx_word' id='word_1_31' title='bbox 959 591 1102 646; x_wconf 89' lang='lat' dir='ltr'><strong>quod</strong></span> <span class='ocrx_word' id='word_1_32' title='bbox 1122 590 1285 635; x_wconf 90' lang='lat' dir='ltr'><strong>nimio</strong></span> <span class='ocrx_word' id='word_1_33' title='bbox 1301 591 1391 635; x_wconf 80' lang='lat' dir='ltr'><strong>suo</strong></span> <span class='ocrx_word' id='word_1_34' title='bbox 1406 591 1642 646; x_wconf 90' lang='lat' dir='ltr'><strong>pondere</strong></span> <span class='ocrx_word' id='word_1_35' title='bbox 1661 590 1805 648; x_wconf 93' lang='lat' dir='ltr'><strong>(cum</strong></span> <span class='ocrx_word' id='word_1_36' title='bbox 1818 595 1961 635; x_wconf 87' lang='lat' dir='ltr'><strong>totus</strong></span> <span class='ocrx_word' id='word_1_37' title='bbox 1976 593 2049 645; x_wconf 85' lang='lat' dir='ltr'><strong>fit,</strong></span> <span class='ocrx_word' id='word_1_38' title='bbox 2070 593 2144 636; x_wconf 92' lang='lat' dir='ltr'><strong>uti</strong></span> <span class='ocrx_word' id='word_1_39' title='bbox 2161 593 2373 645; x_wconf 71' lang='lat' dir='ltr'><strong>dictum,</strong></span> 
     </span>
     <span class='ocr_line' id='line_1_6' title="bbox 173 666 2377 724; baseline 0.002 -14"><span class='ocrx_word' id='word_1_40' title='bbox 173 666 484 723; x_wconf 86' lang='lat' dir='ltr'><strong>chalybeus)</strong></span> <span class='ocrx_word' id='word_1_41' title='bbox 508 666 663 710; x_wconf 84' lang='lat' dir='ltr'><strong>nimis</strong></span> <span class='ocrx_word' id='word_1_42' title='bbox 690 667 980 722; x_wconf 85' lang='lat' dir='ltr'><strong>compresse</strong></span> <span class='ocrx_word' id='word_1_43' title='bbox 1006 668 1048 711; x_wconf 74' lang='grc' dir='ltr'><strong>δι</strong></span> <span class='ocrx_word' id='word_1_44' title='bbox 1073 667 1278 712; x_wconf 86' lang='lat' dir='ltr'><strong>fortiter</strong></span> <span class='ocrx_word' id='word_1_45' title='bbox 1305 668 1583 712; x_wconf 87' lang='lat' dir='ltr'><strong>Horizonti</strong></span> <span class='ocrx_word' id='word_1_46' title='bbox 1610 668 1956 712; x_wconf 86' lang='lat' dir='ltr'><strong>incumberet.</strong></span> <span class='ocrx_word' id='word_1_47' title='bbox 1989 670 2219 724; x_wconf 88' lang='lat' dir='ltr'><strong>Ideoque</strong></span> <span class='ocrx_word' id='word_1_48' title='bbox 2246 671 2377 714; x_wconf 88' lang='lat' dir='ltr'><strong>diffi-</strong></span> 
     </span>
     <span class='ocr_line' id='line_1_7' title="bbox 173 742 2376 799; baseline 0.002 -13"><span class='ocrx_word' id='word_1_49' title='bbox 173 742 364 787; x_wconf 88' lang='lat' dir='ltr'><strong>cillime</strong></span> <span class='ocrx_word' id='word_1_50' title='bbox 385 743 674 799; x_wconf 82' lang='lat' dir='ltr'>circumagi</span> <span class='ocrx_word' id='word_1_51' title='bbox 693 743 869 799; x_wconf 85' lang='lat' dir='ltr'><strong>posset‚</strong></span> <span class='ocrx_word' id='word_1_52' title='bbox 897 746 1010 788; x_wconf 80' lang='lat' dir='ltr'><strong>tota</strong></span> <span class='ocrx_word' id='word_1_53' title='bbox 1030 744 1281 789; x_wconf 82' lang='lat' dir='ltr'><strong>machina</strong></span> <span class='ocrx_word' id='word_1_54' title='bbox 1302 757 1410 789; x_wconf 93' lang='lat' dir='ltr'><strong>non</strong></span> <span class='ocrx_word' id='word_1_55' title='bbox 1430 748 1705 790; x_wconf 79' lang='lat' dir='ltr'><strong>commota</strong></span> <span class='ocrx_word' id='word_1_56' title='bbox 1727 749 1819 789; x_wconf 85' lang='lat' dir='ltr'><strong>aut</strong></span> <span class='ocrx_word' id='word_1_57' title='bbox 1835 746 2183 790; x_wconf 79' lang='lat' dir='ltr'><strong>tremiscente.</strong></span> <span class='ocrx_word' id='word_1_58' title='bbox 2212 748 2376 792; x_wconf 87' lang='lat' dir='ltr'><strong>Potest</strong></span> 
     </span>
     <span class='ocr_line' id='line_1_8' title="bbox 230 820 2315 877; baseline 0.002 -14"><span class='ocrx_word' id='word_1_59' title='bbox 230 820 569 864; x_wconf 88' lang='lat' dir='ltr'><strong>nihilominus</strong></span> <span class='ocrx_word' id='word_1_60' title='bbox 589 821 631 864; x_wconf 75' lang='grc' dir='ltr'>ἃ</span> <span class='ocrx_word' id='word_1_61' title='bbox 651 821 719 864; x_wconf 87' lang='lat' dir='ltr'><strong>fic</strong></span> <span class='ocrx_word' id='word_1_62' title='bbox 741 820 852 864; x_wconf 88' lang='lat' dir='ltr'><strong>eius</strong></span> <span class='ocrx_word' id='word_1_63' title='bbox 871 821 1059 865; x_wconf 80' lang='lat' dir='ltr'><strong>institui</strong></span> <span class='ocrx_word' id='word_1_64' title='bbox 1080 822 1480 866; x_wconf 86' lang='lat' dir='ltr'><strong>administratio:</strong></span> <span class='ocrx_word' id='word_1_65' title='bbox 1505 825 1726 877; x_wconf 88' lang='lat' dir='ltr'><strong>tumque</strong></span> <span class='ocrx_word' id='word_1_66' title='bbox 1746 824 1888 867; x_wconf 93' lang='lat' dir='ltr'><strong>nullo</strong></span> <span class='ocrx_word' id='word_1_67' title='bbox 1910 824 2139 868; x_wconf 90' lang='lat' dir='ltr'><strong>rotundo</strong></span> <span class='ocrx_word' id='word_1_68' title='bbox 2160 835 2315 867; x_wconf 93' lang='lat' dir='ltr'><strong>muro</strong></span> 
     </span>
     <span class='ocr_line' id='line_1_9' title="bbox 290 897 2258 955; baseline 0.001 -13"><span class='ocrx_word' id='word_1_69' title='bbox 290 897 708 953; x_wconf 78' lang='lat' dir='ltr'><strong>circumquaque</strong></span> <span class='ocrx_word' id='word_1_70' title='bbox 728 909 862 954; x_wconf 92' lang='lat' dir='ltr'><strong>opus</strong></span> <span class='ocrx_word' id='word_1_71' title='bbox 882 898 954 942; x_wconf 89' lang='lat' dir='ltr'><strong>est</strong></span> <span class='ocrx_word' id='word_1_72' title='bbox 972 910 1070 954; x_wconf 90' lang='lat' dir='ltr'><strong>pro</strong></span> <span class='ocrx_word' id='word_1_73' title='bbox 1092 898 1298 944; x_wconf 91' lang='lat' dir='ltr'><strong>Circulo</strong></span> <span class='ocrx_word' id='word_1_74' title='bbox 1319 899 1661 943; x_wconf 86' lang='lat' dir='ltr'><strong>Azimuthali:</strong></span> <span class='ocrx_word' id='word_1_75' title='bbox 1683 900 1759 943; x_wconf 86' lang='lat' dir='ltr'><strong>uti</strong></span> <span class='ocrx_word' id='word_1_76' title='bbox 1778 912 1950 955; x_wconf 88' lang='lat' dir='ltr'><strong>neque</strong></span> <span class='ocrx_word' id='word_1_77' title='bbox 1970 900 2258 945; x_wconf 89' lang='lat' dir='ltr'><strong>ferramen-</strong></span> 
     </span>
     <span class='ocr_line' id='line_1_10' title="bbox 346 974 2198 1032; baseline 0.001 -14"><span class='ocrx_word' id='word_1_78' title='bbox 346 974 412 1018; x_wconf 87' lang='lat' dir='ltr'><strong>tis</strong></span> <span class='ocrx_word' id='word_1_79' title='bbox 442 974 675 1030; x_wconf 79' lang='lat' dir='ltr'><strong>l&#39;uperius</strong></span> <span class='ocrx_word' id='word_1_80' title='bbox 702 976 743 1018; x_wconf 73' lang='grc' dir='ltr'><strong>ἃ</strong></span> <span class='ocrx_word' id='word_1_81' title='bbox 769 975 999 1028; x_wconf 88' lang='lat' dir='ltr'><strong>inferius,</strong></span> <span class='ocrx_word' id='word_1_82' title='bbox 1027 977 1172 1020; x_wconf 88' lang='lat' dir='ltr'><strong>velut</strong></span> <span class='ocrx_word' id='word_1_83' title='bbox 1195 976 1248 1020; x_wconf 91' lang='lat' dir='ltr'><strong>in</strong></span> <span class='ocrx_word' id='word_1_84' title='bbox 1274 977 1626 1032; x_wconf 84' lang='lat' dir='ltr'><strong>praecedente.</strong></span> <span class='ocrx_word' id='word_1_85' title='bbox 1659 977 1918 1021; x_wconf 88' lang='lat' dir='ltr'><strong>Dabimus</strong></span> <span class='ocrx_word' id='word_1_86' title='bbox 1947 978 2084 1022; x_wconf 90' lang='lat' dir='ltr'><strong>forte</strong></span> <span class='ocrx_word' id='word_1_87' title='bbox 2111 978 2198 1021; x_wconf 91' lang='lat' dir='ltr'><strong>ali-</strong></span> 
     </span>
     <span class='ocr_line' id='line_1_11' title="bbox 456 1052 2092 1110; baseline 0.002 -15"><span class='ocrx_word' id='word_1_88' title='bbox 456 1052 671 1107; x_wconf 92' lang='lat' dir='ltr'><strong>quando</strong></span> <span class='ocrx_word' id='word_1_89' title='bbox 697 1053 739 1096; x_wconf 72' lang='lat'><strong>81</strong></span> <span class='ocrx_word' id='word_1_90' title='bbox 763 1053 918 1108; x_wconf 77' lang='lat' dir='ltr'><strong>huJus</strong></span> <span class='ocrx_word' id='word_1_91' title='bbox 938 1052 1280 1108; x_wconf 81' lang='lat' dir='ltr'><strong>dispositiom&#39;s</strong></span> <span class='ocrx_word' id='word_1_92' title='bbox 1301 1054 1464 1098; x_wconf 91' lang='lat' dir='ltr'><strong>Icona</strong></span> <span class='ocrx_word' id='word_1_93' title='bbox 1483 1066 1590 1097; x_wconf 90' lang='lat' dir='ltr'><strong>una</strong></span> <span class='ocrx_word' id='word_1_94' title='bbox 1610 1065 1736 1098; x_wconf 93' lang='lat' dir='ltr'><strong>cum</strong></span> <span class='ocrx_word' id='word_1_95' title='bbox 1755 1054 1847 1098; x_wconf 78' lang='lat' dir='ltr'><strong>sua</strong></span> <span class='ocrx_word' id='word_1_96' title='bbox 1868 1055 2092 1110; x_wconf 83' lang='lat' dir='ltr'><strong>explica-</strong></span> 
     </span>
     <span class='ocr_line' id='line_1_12' title="bbox 786 1130 1762 1187; baseline 0.002 -14"><span class='ocrx_word' id='word_1_97' title='bbox 786 1130 950 1174; x_wconf 86' lang='lat' dir='ltr'><strong>tione:</strong></span> <span class='ocrx_word' id='word_1_98' title='bbox 972 1130 1095 1174; x_wconf 85' lang='lat' dir='ltr'><strong>licet</strong></span> <span class='ocrx_word' id='word_1_99' title='bbox 1114 1131 1433 1175; x_wconf 86' lang='lat' dir='ltr'><strong>antecedens</strong></span> <span class='ocrx_word' id='word_1_100' title='bbox 1453 1131 1589 1175; x_wconf 88' lang='lat' dir='ltr'><strong>ratio</strong></span> <span class='ocrx_word' id='word_1_101' title='bbox 1609 1132 1762 1187; x_wconf 89' lang='lat' dir='ltr'><strong>longe</strong></span> 
     </span>
     <span class='ocr_line' id='line_1_13' title="bbox 989 1207 1558 1263; baseline 0.002 -13"><span class='ocrx_word' id='word_1_102' title='bbox 989 1207 1282 1263; x_wconf 88' lang='lat' dir='ltr'><strong>expeditior</strong></span> <span class='ocrx_word' id='word_1_103' title='bbox 1301 1208 1343 1252; x_wconf 74' lang='grc' dir='ltr'>ἃ</span> <span class='ocrx_word' id='word_1_104' title='bbox 1363 1209 1558 1253; x_wconf 89' lang='lat' dir='ltr'><strong>certior</strong></span> 
     </span>
     <span class='ocr_line' id='line_1_14' title="bbox 1173 1285 1369 1329; baseline 0 -1"><span class='ocrx_word' id='word_1_105' title='bbox 1173 1285 1369 1329; x_wconf 86' lang='lat' dir='ltr'><strong>existat.</strong></span> 
     </span>
    </p>
   </div>
   <div class='ocr_carea' id='block_1_4' title="bbox 1719 3450 2364 3502">
    <p class='ocr_par' dir='ltr' id='par_1_4' title="bbox 1719 3450 2364 3502">
     <span class='ocr_line' id='line_1_15' title="bbox 1719 3450 2364 3502; baseline 0.002 -1"><span class='ocrx_word' id='word_1_106' title='bbox 1719 3450 2364 3502; x_wconf 91' lang='lat' dir='ltr'><strong>INSTRVMENTVM</strong></span> 
     </span>
    </p>
   </div>
  </div>
 </body>
</html>
