2644 3978
738 277 1430 334 ANNOTATIONES
1457 276 1862 330 EDITORIS
2312 276 2404 329 341

271 419 340 461 ad
360 431 409 473 p.
432 419 591 478 295‚1⁸]
615 420 822 465 »Vester
841 419 964 464 naess
985 431 1050 463 oc
1069 418 1291 461 kircken
1310 429 1415 471 paa
1436 416 1669 469 Hueen«,
1698 417 1729 460 i.
1753 429 1797 460 e.
1819 418 2248 472 promonturium
2270 418 2406 461 occi-

199 489 409 533 dentale
437 493 488 533 et
509 492 770 546 templum
792 491 1013 534 Hvenae.
1043 514 1096 519 -
1124 487 1395 531 Hammer
1414 488 1607 531 rudera
1634 491 1785 531 erant
1811 489 2013 531 castelli
2038 489 2092 531 in
2117 488 2268 532 litore
2293 501 2405 543 sep-

197 560 499 605 tentrionali
536 562 723 605 insulae
760 562 832 619 (in
865 561 1081 615 antiqua
1115 559 1290 614 lingua
1320 558 1715 613 septentrionali
1745 558 1918 612 hamt,
1953 560 2405 614 Anglo-Saxonice

197 631 381 685 hama,
400 633 431 675 i.
449 644 492 676 e.
509 633 905 684 vestimentum3
928 629 1242 685 gud-hama,
1265 630 1296 673 i.
1314 641 1358 673 e.
1376 630 1564 686 arma).
1587 655 1643 660 —
1669 630 1983 674 »Glomsloff
1994 642 2059 674 oc
2073 630 2112 674 it
2124 631 2266 675 Trae«
2286 635 2403 682 etc.,

198 703 228 745 i.
246 714 290 746 e.
309 703 596 748 Glomsloff
606 707 658 748 et
672 704 834 747 arbor
847 702 1098 757 quaedam
1115 701 1251 744 inter
1265 700 1553 744 Glomsloff
1563 704 1616 744 et
1630 700 2090 757 Helsingburgum.
2106 728 2159 733 —
2182 703 2406 746 »Lands-

198 774 366 818 krone
387 786 452 818 oc
472 775 677 827 Traeit«,
698 775 730 818 i.
752 785 796 817 e.
821 773 1048 817 Coronia
1068 776 1120 816 et
1140 772 1317 816 arbor.

270 846 339 889 ad
358 858 408 900 p.
430 846 590 904 295‚³2]
611 844 1024 890 Observationes
1048 846 1330 898 sequentes
1355 843 1492 887 sicut
1518 842 1680 886 etiam
1705 843 1824 895 illae,
1857 855 1978 898 quae
2005 857 2053 899 p.
2082 844 2296 897 296,1s-32
2322 845 2407 888 de-

197 917 412 972 scriptae
431 920 568 970 sunt,
589 917 643 960 in
662 927 854 960 aversa
873 918 1025 970 parte
1043 915 1243 959 tabulae
1263 914 1450 958 insulae
1470 914 1678 958 Hvenae
1697 915 1765 971 (p.
1787 914 1894 968 293)
1912 915 2262 959 inveniuntur.

270 989 339 1032 ad
360 1001 409 1044 p.
430 988 662 1046 296,2⁷-32]
691 987 969 1031 »Skibene«
1000 989 1118 1038 etc.,
1145 986 1177 1030 i.
1200 998 1245 1029 e.
1274 997 1439 1029 naves
1465 1012 1524 1017 —
1550 998 1654 1029 arx.
1673 1012 1730 1017 —
1755 987 2016 1041 templum
2036 988 2086 1031 S.
2108 987 2329 1042 Spiritus
2350 1014 2405 1019 -

197 1060 356 1103 turris
376 1060 426 1104 S.
447 1059 582 1104 Petri
600 1085 655 1091 ——
675 1058 822 1102 urbis
841 1070 966 1113 pars
987 1057 1347 1102 occidentalis.

270 1131 339 1174 ad
358 1143 408 1186 p.
431 1130 590 1188 296,³4]
625 1130 954 1185 »Helfingors
985 1129 1194 1173 Kireke«
1230 1132 1348 1181 etc.,
1381 1129 1413 1171 i.
1442 1140 1487 1172 e.
1518 1129 1780 1184 templum
1811 1129 2141 1184 Helsingorae
2171 1133 2223 1173 et
2251 1142 2407 1174 mons

197 1202 453 1246 Vedbaek.
474 1227 534 1234 —-
557 1201 800 1245 »Samme
821 1201 1011 1257 bierg«,
1032 1200 1063 1244 i.
1086 1212 1132 1244 e.
1153 1200 1298 1244 idem
1319 1211 1490 1244 mons.

270 1273 340 1316 ad
359 1285 408 1328 p.
430 1273 588 1330 297‚2⁵]
626 1273 1012 1329 »Lagaarden«,
1040 1272 1071 1315 i.
1095 1284 1139 1316 e.
1167 1272 1439 1316 horreum.
1463 1298 1519 1303 —
1555 1272 1769 1326 »Biergit
1795 1283 1860 1316 oc
1886 1272 1926 1315 it
1947 1272 2064 1315 Trae
2089 1273 2218 1316 mod
2245 1273 2408 1316 skoffs

197 1344 414 1388 hoffuit«
422 1377 433 1396 ‚
445 1344 477 1387 i.
488 1356 532 1387 e.
546 1355 702 1388 mons
713 1347 765 1387 et
777 1344 939 1388 arbor
950 1345 1202 1399 quaedam
1213 1355 1380 1399 prope
1391 1343 1743 1387 Skovshoved
1753 1343 1970 1399 (nomen
1978 1343 2082 1387 vici
2092 1345 2404 1401 cujusdam).

270 1416 339 1459 ad
358 1427 408 1470 p.
430 1415 589 1472 298‚1o]
614 1415 820 1459 »Vester
839 1415 988 1459 naess«
1013 1418 1131 1468 etc.,
1152 1415 1183 1458 i.
1207 1427 1251 1459 e.
1274 1414 1704 1470 promonturium
1725 1414 2055 1459 occidentale
2075 1418 2127 1459 et
2145 1417 2407 1471 templum

197 1500 364 1530 unum
397 1498 513 1530 esse
543 1487 876 1530 videbantur.
911 1513 965 1518 -
1004 1486 1392 1542 »Vndertagen«
1425 1489 1543 1538 etc.,
1576 1486 1608 1530 i.
1634 1497 1679 1529 e.
1710 1489 1907 1541 praeter
1935 1489 2234 1529 extremam
2262 1488 2408 1530 illam

198 1561 407 1613 partem
426 1557 518 1615 (sc.
540 1558 727 1602 insulae
741 1558 1044 1614 Amagriae),
1067 1570 1188 1612 quae
1209 1561 1288 1602 est
1307 1558 1442 1601 inter
1461 1557 1680 1612 Saubby
1699 1557 1828 1614 (sive
1849 1557 2084 1612 Sundby‚
2106 1561 2164 1601 ut
2182 1558 2408 1616 videtur)

199 1633 251 1673 et
274 1633 510 1684 pontem,
538 1629 627 1684 qui
653 1629 878 1673 navibus
899 1630 968 1672 ad
986 1629 1339 1673 traiciendum
1359 1629 1687 1684 comparatis
1712 1629 1942 1673 inservit.
1970 1630 2081 1673 Arx
2102 1630 2408 1685 Malmogiae

199 1714 232 1744 a
250 1702 451 1756 templo
471 1701 709 1744 nonnihil
731 1702 987 1744 adversus
1006 1700 1276 1756 regionem
1302 1701 1439 1745 inter
1459 1700 1739 1744 meridiem
1759 1703 1812 1744 et
1831 1701 2165 1745 occidentem
2185 1701 2286 1744 sita
2305 1705 2404 1754 est;

197 1776 314 1816 tum
324 1784 454 1816 vero
468 1773 589 1816 litus
603 1784 769 1828 prope
784 1784 966 1816 arcem
980 1771 1150 1827 magis
1163 1771 1436 1827 magisque
1452 1772 1709 1816 adversus
1722 1772 2000 1816 meridiem
2012 1776 2064 1816 et
2074 1773 2408 1817 occidentem

199 1844 432 1888 deflectit
449 1856 546 1899 per
565 1847 813 1899 quartam
832 1844 944 1887 fere
962 1843 1190 1886 milliarii
1205 1846 1435 1898 partem;
1458 1846 1646 1898 postea
1662 1843 1920 1887 adversus
1933 1844 2212 1887 meridiem
2225 1844 2405 1888 tendit.

271 1917 341 1959 ad
359 1928 409 1971 p.
430 1915 589 1973 298‚17]
614 1915 836 1959 »Kircke
860 1915 1098 1958 aaddens
1124 1915 1284 1958 ende«
1315 1918 1433 1968 etc.,
1460 1915 1492 1958 i.
1515 1927 1559 1958 e.
1588 1918 1830 1959 extrema
1853 1927 1979 1970 pars
2005 1916 2215 1971 lingulae
2241 1927 2407 1970 prope

198 1988 459 2042 templum
484 1990 536 2030 et
559 1988 835 2042 templum.
863 2013 921 2017 —
950 1987 1306 2042 »Syndtborgs
1326 1986 1524 2030 aadde«
1550 1989 1667 2038 etc.,
1694 1986 1725 2029 i.
1748 1998 1792 2030 e.
1814 1986 2008 2042 lingula
2034 1998 2200 2042 prope
2225 1998 2408 2030 arcem

200 2058 605 2102 meridionalem
623 2070 791 2113 usque
812 2069 893 2110 eo,
915 2069 1021 2112 quo
1042 2057 1268 2113 pertinet
1287 2057 1452 2110 collis,
1481 2060 1533 2100 et
1554 2058 1828 2112 templum.
1851 2083 1908 2089 —
1931 2058 2265 2114 »Bondgarns
2285 2058 2408 2101 aad·

200 2131 329 2173 den«
353 2133 470 2182 etc.,
491 2129 522 2172 i.
542 2141 586 2173 e.
609 2130 818 2185 lingula,
838 2129 930 2173 ubi
949 2129 1083 2172 retia
1101 2128 1274 2184 posita
1294 2132 1431 2180 sunt,
1453 2131 1505 2172 et
1523 2130 1799 2184 templum.
1821 2155 1877 2160 —
1902 2129 2256 2173 »Mollebecks
2276 2129 2405 2185 vig«,

201 2202 230 2244 i.
263 2213 306 2244 e.
338 2201 483 2245 sinus
512 2202 655 2256 apud
683 2201 859 2244 rivum
886 2212 1055 2256 prope
1084 2201 1303 2244 molam.
1335 2226 1393 2231 —-
1426 2200 1700 2244 »Aadden«
1733 2203 1851 2252 etc.,
1881 2200 1912 2244 i.
1944 2212 1989 2244 e.
2020 2201 2213 2256 lingula
2240 2212 2408 2256 prope

204 2273 557 2316 »Mollebeok«
575 2284 762 2316 versus
776 2272 1051 2316 orientem.
1066 2298 1125 2304 —
1143 2271 1502 2327 »Norreborgs
1514 2272 1737 2327 gierde«,
1759 2272 1790 2314 i.
1807 2283 1851 2315 e.
1868 2283 2040 2326 saepes
2056 2272 2193 2316 arcis
2206 2275 2409 2327 septen-

199 2344 454 2388 trionalis.
476 2370 534 2375 —
558 2344 783 2387 »Mollen
803 2355 868 2387 oc
889 2343 1154 2396 kircken«,
1175 2343 1207 2387 i.
1224 2355 1269 2387 e.
1285 2344 1431 2387 mola
1445 2346 1496 2387 et
1508 2344 1785 2398 templum.
1807 2369 1865 2374 —
1889 2343 2017 2387 »Det
2029 2343 2269 2398 yderste«
2288 2346 2405 2395 etc.,

200 2416 230 2459 i.
248 2427 292 2459 e.
312 2418 553 2459 extrema
572 2427 698 2470 pars
718 2416 911 2459 domus
928 2427 1113 2470 parvae
1127 2426 1313 2458 versus
1327 2414 1582 2458 horreum
1596 2417 1649 2458 et
1660 2415 1936 2469 templum.
1958 2440 2016 2446 —
2040 2415 2408 2470 »Lagaardens

202 2488 345 2539 dor«,
366 2487 397 2530 i.
420 2498 464 2530 e.
481 2487 647 2543 janua
667 2487 860 2530 horrei.
883 2512 937 2517 ——-

274 2559 343 2601 ad
362 2571 412 2613 p.
433 2558 538 2610 299,
549 2558 580 2615 ι]
618 2558 741 2601 »Fra
772 2558 955 2601 kircke
988 2557 1225 2601 aaddens
1257 2557 1417 2601 ende«
1451 2560 1568 2610 etc.,
1601 2557 1632 2599 i.
1662 2569 1705 2600 e.
1739 2557 1806 2601 ab
1836 2557 2170 2601 extremitate
2199 2557 2408 2613 lingulae

201 2641 367 2685 prope
386 2631 647 2684 templum
668 2630 810 2684 apud
830 2629 950 2672 litus
969 2640 1137 2683 usque
1153 2628 1223 2671 ad
1236 2629 1474 2672 domum.
1497 2654 1554 2660 —
1578 2628 1943 2684 »Synderborg
1957 2629 2156 2672 aadde«
2174 2631 2291 2681 etc.,
2312 2629 2343 2671 i.
2361 2640 2404 2672 e.

202 2701 395 2757 lingula
415 2702 558 2756 apud
574 2712 759 2744 arcem
773 2700 1180 2744 meridionalem
1194 2703 1246 2743 et
1259 2700 1467 2744 domus.
1489 2725 1546 2730 —
1571 2699 1947 2754 »vndertagen«
1965 2702 2082 2752 etc.,
2103 2699 2135 2743 i.
2152 2711 2197 2743 e.
2213 2703 2409 2754 praeter

203 2784 282 2824 ea,
305 2784 427 2827 quae
446 2775 569 2816 sunt
587 2772 722 2815 inter
741 2773 934 2815 collem
955 2774 1007 2815 et
1026 2771 1162 2815 litus.
1185 2797 1243 2802 —
1267 2771 1563 2826 »Bondgars
1582 2771 1817 2814 aadden«
1840 2773 1957 2823 etc.,
1978 2771 2009 2813 i.
2026 2782 2071 2814 e.
2086 2770 2296 2826 lingula,
2317 2771 2408 2814 ubi

203 2843 336 2887 retia
355 2843 528 2898 posita
547 2846 683 2895 sunt,
707 2855 739 2886 a
758 2843 911 2887 litore
932 2846 984 2886 et
1004 2844 1212 2887 domus.
1242 2868 1298 2873 ——
1327 2842 1576 2886 »Aadden
1599 2842 1683 2885 fra
1701 2843 1923 2886 vandet«
1947 2845 2065 2894 etc.,
2092 2842 2124 2885 i.
2148 2853 2192 2886 e.
2213 2842 2408 2898 lingula

204 2928 236 2958 a
257 2915 394 2958 mari
413 2915 480 2958 ab
503 2914 744 2958 orientali
763 2917 915 2969 parte
935 2914 1033 2957 rivi
1051 2925 1218 2969 prope
1238 2914 1443 2958 molam
1463 2917 1516 2957 et
1534 2915 1742 2958 domus.
1761 2939 1819 2945 —
1842 2914 1985 2957 »Den
2003 2913 2264 2957 nordiste«
2288 2917 2405 2965 etc.,

203 2986 235 3030 i.
252 2997 296 3029 e.
313 2986 544 3029 duorum
564 2985 783 3029 collium
802 2996 1096 3040 parvorum
1114 2985 1174 3038 is,
1197 2985 1286 3040 qui
1305 2985 1474 3041 magis
1495 2986 1564 3029 ad
1582 2984 1997 3040 septentrionem
2016 2987 2222 3039 spectat
2241 2996 2407 3039 prope

202 3057 435 3108 frutices,
465 3057 557 3100 ubi
582 3057 819 3100 maxime
845 3057 914 3099 ad
939 3056 1080 3100 hanc
1105 3059 1316 3111 partem
1341 3056 1610 3109 inclinant,
1640 3060 1693 3100 et
1722 3057 1929 3100 domus.
1956 3081 2016 3087 —
2043 3055 2220 3099 »Hufit
2246 3067 2311 3100 oc
2338 3057 2408 3099 la-

204 3128 396 3183 gaards
423 3129 565 3180 dor«,
593 3128 624 3170 i.
648 3139 691 3171 e.
715 3128 908 3171 domus
935 3130 987 3171 et
1005 3127 1171 3183 Janua
1197 3127 1390 3171 horrei.
1419 3153 1476 3159 —
1505 3127 1635 3171 »Det
1653 3128 1757 3171 lille
1776 3128 1998 3171 murede
2017 3127 2143 3171 hus«
2168 3130 2285 3179 etc.,
2306 3127 2337 3170 i.
2361 3139 2404 3170 e.

204 3211 373 3254 parva
400 3199 593 3243 domus
619 3210 649 3242 e
674 3199 927 3242 lateribus
954 3201 1223 3242 exstructa
1250 3201 1302 3242 et
1327 3200 1595 3242 columnae
1621 3199 1962 3254 Stellaeburgi.
1994 3225 2051 3230 —
2084 3199 2313 3241 »Malmo
2342 3209 2406 3240 oc

206 3271 385 3313 Lund«
418 3273 535 3322 etc.,
566 3269 596 3313 i.
628 3282 673 3313 e.
706 3269 995 3325 Malmogia
1024 3273 1076 3313 et
1105 3270 1293 3313 Lunda
1321 3270 1406 3313 vel
1435 3270 1578 3324 quod
1608 3270 1797 3313 Lunda
1826 3281 1943 3314 esse
1970 3269 2270 3321 videbatur;
2302 3269 2405 3311 hoc

206 3340 333 3384 satis
353 3340 654 3384 discernere
673 3352 782 3384 non
800 3340 962 3396 potui.
