2638 3952
106 390 154 434 11·

99 1549 142 1585 15

94 1906 141 1942 20

93 2263 139 2298 25

92 2975 139 3010 35

91 3328 139 3364 40

196 396 400 487 AD
444 396 1583 489 AVGVSTISSIMVM
1641 400 2398 495 IMPERATO-

610 521 807 582 REM
837 522 1433 583 RVDoLPHVM
1463 523 1988 585 SECVNDVM

879 615 1284 678 TYCHON
1291 617 1368 678 IS
1396 618 1712 679 BRAHE

1088 708 1504 762 PRAEFATIO.

644 819 775 872 UM
787 819 1207 874 Mechanicam
1214 821 1606 875 Astronomiae
1618 829 1846 887 partem
1858 823 2396 886 Instrumentorum,

645 889 1101 944 Obseruationes
1116 892 1387 946 Siderum
1401 901 1672 946 accurate
1690 897 2050 956 rimantium,
2073 895 2397 961 descriptio-

226 1016 244 1026 „
495 1014 503 1033 )
519 959 530 974 '
643 976 783 1013 nem
795 961 1294 1027 complectentem,
1311 971 1365 1016 et
1379 971 1666 1030 praeterea
1676 965 2073 1018 Inerrantium
2084 966 2398 1020 Stellarum

206 1030 331 1190 Ὕβ,
361 1000 601 1171 Ϊξξῧῖ
643 1032 987 1117 exquifitam
1001 1034 1419 1118 restitutionem
1435 1036 1740 1089 Canonice
1756 1037 2092 1101 expositam,
2110 1038 2397 1091 Caesareae

244 1088 615 1222 Q
640 1103 2225 1242 {aamm{222133302‘2332833332331
2240 1110 2396 1234 3223:

191 1252 509 1314 carimque‚
532 1246 893 1311 consequens
915 1254 1053 1310 erat,
1075 1256 1139 1301 ut
1159 1249 1231 1301 de
1252 1250 1631 1303 Planetarum
1651 1254 1829 1304 etiam
1849 1251 2252 1317 redintegratis
2271 1268 2395 1305 mo-

189 1321 343 1374 tibus
362 1321 657 1374 nonnulla
675 1320 892 1383 pariter
910 1318 1337 1386 subiungerem.
1360 1321 1563 1386 Quare
1580 1338 1704 1374 non
1719 1324 2222 1376 intermittendum
2237 1325 2394 1385 duxi,

191 1394 336 1457 quin
351 1394 528 1445 etiam
542 1393 746 1458 aliqua
762 1392 826 1441 in
842 1389 951 1451 his,
972 1394 1147 1455 prout
1160 1398 1392 1458 tempus
1406 1409 1567 1445 nunc
1580 1393 1704 1455 fert,
1726 1410 1850 1446 una
1869 1394 2217 1459 praestarem.
2240 1396 2396 1447 Inter

191 1478 398 1516 omnes
418 1470 618 1516 autem
632 1465 681 1517 7.
698 1460 987 1523 PlanetaS,
1009 1478 1082 1514 ex
1103 1479 1223 1528 quo
1244 1464 1391 1518 SOL
1411 1471 1466 1517 et
1486 1465 1717 1526 LVNA,
1736 1469 2038 1531 praecipua
2058 1472 2113 1518 et
2131 1469 2396 1518 maxima

191 1534 408 1587 Mundi
434 1535 798 1592 Luminaria,
827 1534 1215 1599 principalem
1242 1542 1297 1588 et
1321 1539 1648 1589 maximam
1674 1552 1913 1602 quoque
1939 1540 2396 1603 praerogatiuam

190 1605 509 1668 obtineant,
537 1607 611 1660 ab
638 1609 710 1672 iJ's
734 1606 927 1669 primo
951 1605 1147 1667 ordiri,
1175 1613 1352 1672 atque
1374 1623 1582 1660 eorum
1601 1610 1894 1660 motiones
1914 1608 2028 1661 hoc
2048 1608 2197 1661 libro
2218 1609 2294 1661 ad
2315 1609 2394 1661 bi-

190 1679 438 1729 ennium
457 1680 798 1743 proximum
817 1681 1105 1741 tanquam
1124 1680 1187 1729 in
1208 1678 1481 1744 exemplo
1503 1679 1577 1732 ob
1599 1679 1803 1732 oculos
1823 1695 2061 1744 ponere,
2086 1686 2262 1745 atque
2283 1681 2393 1732 Im-

188 1751 501 1814 peratoriae
520 1748 669 1802 Tuae
695 1746 988 1801 Maiestati
1012 1747 1404 1808 subiectissime
1431 1750 1626 1803 dicare
1653 1753 1889 1803 animus
1916 1751 2006 1803 eft.
2035 1751 2189 1815 Quae
2217 1754 2395 1804 etiam

189 1819 574 1873 confideratio
594 1820 715 1886 post
734 1817 1072 1872 Affixarum
1092 1820 1408 1874 Stellarum
1433 1821 1918 1883 uerificationem,
1945 1825 2218 1887 proxima
2243 1826 2393 1875 iure·

188 1894 399 1943 merito
433 1893 536 1944 esse
569 1892 754 1952 debet,
789 1897 844 1944 et
875 1890 1240 1956 reliquorum
1271 1895 1534 1958 quinque
1564 1893 1943 1946 Planetarum
1975 1894 2396 1958 expolitionem

188 1962 551 2015 antecedere.
567 1964 727 2016 Licet
741 1965 901 2015 enim
913 1977 985 2014 ex
997 1962 1132 2015 Sole
1145 1964 1542 2016 Inerrantium
1555 1964 1768 2017 limites
1782 1964 2154 2030 praefiniendi
2165 1965 2292 2026 fint;
2308 1972 2393 2017 ut-

187 2040 324 2099 pote
338 2037 441 2099 qui
454 2034 558 2087 suo
573 2033 750 2087 ductu
765 2032 1108 2098 Eclipticam
1121 2034 1389 2100 defignet,
1406 2038 1651 2101 eiusque
1665 2039 1948 2088 terminos
1962 2039 2025 2088 in
2038 2036 2278 2088 transitu
2292 2052 2395 2102 per

186 2105 577 2170 AEquatorem
592 2106 837 2166 ordinet,
859 2104 1018 2157 unde
1033 2106 1455 2171 Longitudines
1472 2107 1766 2160 stellarum
1784 2108 2169 2169 deducuntur,
2192 2124 2393 2172 quem-

187 2176 513 2229 admodum
524 2177 889 2230 Latitudines
902 2177 1244 2239 earundem,
1261 2193 1333 2230 ex
1345 2178 1611 2231 distantia
1623 2181 1898 2244 utrinque
1911 2178 1985 2231 ab
1997 2179 2276 2244 Ecliptica
2287 2195 2394 2231 nu-

187 2254 512 2300 merantur:
539 2249 822 2301 Attamen
842 2263 978 2299 cum
1000 2248 1241 2301 Coelum
1261 2249 1584 2311 Stellatum,
1610 2251 1770 2315 quod
1791 2249 2065 2303 odlauam
2086 2250 2394 2315 Sphaeram

187 2326 551 2384 nuncupant,
579 2322 851 2372 omnium
871 2318 1267 2381 Planetarum,
1295 2321 1565 2386 adeoque
1591 2321 1767 2385 ipfius
1793 2321 1944 2374 Solis
1972 2324 2244 2373 circuitus
2271 2337 2393 2374 am-

186 2390 308 2443 biat
327 2397 504 2455 atque
524 2391 802 2451 includat,
830 2406 954 2442 non
974 2393 1404 2443 inconueniens
1425 2399 1564 2453 erat,
1593 2395 1719 2445 eius
1738 2392 2049 2453 stellarum,
2077 2408 2212 2457 quae
2234 2393 2394 2444 Fixae

188 2461 476 2523 dicuntur,
504 2463 896 2527 redintegrata
914 2461 1046 2514 loca
1065 2461 1334 2515 tractatui
1354 2463 1426 2515 de
1448 2463 1583 2516 Sole
1603 2466 1980 2528 praemittere;
2007 2470 2134 2516 tum
2155 2479 2393 2528 quoque

188 2532 376 2585 Lunae
396 2533 613 2598 abipso
634 2533 770 2586 Sole
793 2549 901 2598 pro
924 2536 1138 2586 maiori
1163 2541 1327 2598 parte
1349 2535 1724 2599 dependenti;
1751 2535 1884 2587 licet
1905 2542 1959 2587 et
1979 2535 2108 2587 haec
2129 2537 2204 2587 ad
2225 2535 2392 2587 Fixa-

187 2619 321 2656 rum
349 2605 785 2669 inquifitionem
813 2605 1261 2657 intermediante
1289 2605 1441 2667 Sole,
1471 2608 1645 2671 prout
1670 2623 1707 2659 a
1732 2607 2041 2659 Veteribus
2070 2605 2393 2659 factitatum

187 2674 279 2736 est,
294 2675 496 2740 aliquo
510 2677 690 2728 modo
706 2676 1012 2736 conducat,
1029 2691 1165 2728 cum
1178 2676 1241 2728 fit
1255 2677 1372 2729 diei
1385 2676 1688 2742 noctisque
1703 2681 2006 2743 particeps.
2023 2677 2201 2742 Quod
2216 2680 2393 2730 etiam

185 2746 434 2798 Veneris
463 2746 661 2799 Stellae
690 2762 1129 2812 nonnunquam
1158 2751 1449 2813 competit,
1484 2749 1642 2801 unde
1675 2765 1914 2814 quoque
1946 2750 2020 2802 ab
2052 2749 2164 2801 hac
2197 2752 2392 2814 potius

187 2833 369 2882 quam
395 2818 583 2880 Luna,
611 2834 747 2871 cum
773 2821 978 2870 omnia
1004 2820 1331 2883 expeditius
1356 2823 1662 2886 magisque
1688 2820 2012 2873 indubitate
2038 2820 2278 2884 praestet,
2308 2821 2390 2872 id-

187 2888 376 2953 ipsum
403 2888 634 2942 efficere
661 2889 978 2942 consultius
1004 2890 1298 2953 duximuS,
1326 2892 1832 2956 quemadmodum
1852 2892 1911 2943 id
1933 2895 1964 2943 e
1983 2891 2175 2943 Tomo
2199 2891 2391 2943 nostro

186 2962 378 3024 primo
393 2960 978 3026 Progymnasmatum
998 2961 1544 3015 Astronomicorum
1563 2963 1761 3027 liquet.
1785 2963 1948 3027 Quin
1969 2969 2023 3015 et
2044 2963 2140 3015 hic
2161 2979 2284 3015 non
2304 2978 2389 3014 re-

186 3030 473 3095 spicimuS,
497 3048 616 3096 quo
631 3032 837 3084 ordine
853 3032 994 3096 quid
1007 3035 1171 3097 prius
1185 3033 1284 3086 uel
1296 3034 1578 3098 posterius
1592 3034 1671 3095 fit,
1693 3041 1796 3086 aut
1815 3034 2145 3099 inuestigari
2161 3034 2389 3093 debeat;

185 3101 297 3161 sed,
316 3117 385 3154 ac
399 3102 440 3154 fi
453 3102 677 3168 lingula
690 3105 812 3155 iam
827 3103 1131 3167 explorata
1145 3111 1405 3169 notaque
1421 3106 1606 3166 essent,
1627 3121 1714 3165 ea,
1732 3107 1907 3170 prout
1921 3105 2238 3157 distributio
2254 3120 2388 3156 con-

186 3174 435 3225 ueniens
456 3176 646 3239 exigit,
669 3174 1044 3236 collocamUS‚
1065 3178 1146 3228 ita
1165 3182 1230 3228 ut
1249 3176 1581 3228 Inerrantes
1602 3176 1815 3237 Stellae,
1837 3192 1972 3241 quae
1992 3191 2243 3228 numero
2263 3175 2388 3239 plu-

186 3245 354 3295 rimae
367 3244 513 3305 sunt,
528 3245 602 3297 ab
615 3245 888 3297 Erraticis
903 3245 1268 3308 dirimantur,
1284 3262 1503 3311 easque
1517 3247 1868 3311 praecedant,
1885 3247 2389 3312 quemadmodum

188 3317 366 3367 etiam
393 3318 456 3367 in
485 3316 857 3381 dispolitione
888 3317 1145 3369 uniuersi
1173 3317 1282 3370 has
1313 3318 1618 3378 excedunt,
1647 3320 1967 3384 multisque
1996 3318 2197 3441 modli}
2217 3318 2290 3369 ab
2316 3320 2388 3382 ijs

1939 3407 1947 3411 ’
2088 3390 2143 3441 d·
2195 3395 2386 3448 erunt;

614 1158 616 1166 η
