2638 3952
87 1062 130 1098 10

89 1420 131 1455 15

86 1777 133 1812 20

87 2134 134 2169 25

90 3204 136 3239 40

390 259 1000 315 ASTRONOM'IAE
1027 260 1596 316 INSTAURATAE
1622 263 2172 319 MECHANICA
2305 266 2386 318 121

175 403 279 456 tibi
307 418 381 456 ex
409 406 613 456 animo
642 404 719 456 ad
749 403 1062 457 Nestoreos
1091 404 1272 470 usque
1303 421 1495 458 annos
1529 413 1766 471 exopto:
1800 407 1945 459 nosti
1974 414 2174 460 tamen
2204 424 2387 473 quam

175 474 416 528 fallaces
436 474 543 527 fint
561 475 688 540 spes
708 475 934 537 nostrae,
956 475 1009 527 8(
1029 492 1211 541 quam
1231 480 1552 529 immatura
1570 477 1900 542 plerunque
1920 479 2134 531 divinis
2151 480 2386 544 praeser·

175 549 282 598 tim
312 548 563 612 ingeniis
594 562 756 599 mors
788 547 1079 613 obtigerit;
1113 548 1274 600 Falle
1306 551 1505 613 itaque
1537 564 1754 609 moraS‚
1789 548 1841 600 8(
1872 550 1967 601 vel
1998 566 2122 602 non
2152 558 2387 603 maturo

174 624 364 683 partu,
394 617 555 670 hunc
583 621 805 684 ingenii
832 621 918 670 tui
946 618 1158 671 foetum
1187 620 1315 672 orbi
1343 627 1634 672 terrarum
1665 620 1788 672 ede.
1821 620 1881 673 Si
1909 620 2031 673 fata
2059 622 2388 687 longiorem

174 689 294 750 tibi,
328 689 488 755 quod
517 690 688 742 avide
719 697 994 754 optamus
1024 690 1076 742 8(
1104 690 1422 755 speramuS,
1452 694 1636 744 vitam
1667 693 2053 752 concesserint‚
2086 696 2304 757 poteris
2336 693 2388 745 8(

177 760 334 822 edita
363 761 660 822 recudere,
695 760 747 812 8(
772 761 998 826 jndicio
1029 763 1271 815 tandem
1301 769 1406 814 tuo
1439 778 1678 827 quoque
1712 763 1928 826 (nostro
1962 766 2122 815 enim
2152 767 2297 830 quin
2325 768 2389 817 in

176 833 369 898 prima
400 832 656 885 editione
688 831 822 884 satis
852 831 1112 885 facturus
1143 833 1230 893 fis,
1264 833 1415 886 nihil
1447 834 1673 898 dubito)
1706 834 2050 887 satisfacere.
2089 835 2389 888 Liberabis

176 906 413 956 interim
431 919 543 955 nos
562 910 847 969 perpetuo
867 911 1046 965 metu,
1067 920 1160 966 ne,
1182 906 1326 957 dum
1346 908 1601 958 nimium
1615 904 1921 966 cunctari&
1942 913 2065 958 toto
2081 922 2258 972 opere
2273 907 2389 959 fru-

175 974 434 1028 stremur.
451 975 573 1041 Ego
588 982 740 1028 certe
754 981 981 1028 tantam
995 977 1067 1028 de
1081 983 1154 1037 te,
1169 980 1403 1042 tuisque
1418 976 1511 1029 his
1525 977 1941 1043 hypothesibus
1955 977 2115 1043 spem
2130 981 2389 1043 concepi,

178 1051 243 1108 ut
261 1046 357 1098 vel
377 1061 414 1098 a
432 1053 505 1106 te,
528 1046 625 1098 vel
647 1063 684 1099 a
706 1049 946 1099 nemine
971 1047 1219 1100 solidam
1238 1048 1664 1101 Astronomicae
1692 1051 1831 1101 artis
1859 1049 2390 1102 exaedificationem

180 1116 605 1182 expectandam
631 1119 734 1170 esse
760 1134 868 1183 pro
892 1126 1049 1171 certo
1070 1119 1368 1172 affirmare
1389 1121 1663 1173 audeam.
1692 1120 1814 1184 Qui
1835 1123 1994 1173 enim
2015 1128 2227 1186 praeter
2247 1122 2390 1173 divi-

179 1205 323 1242 nam
348 1192 569 1255 ingenii
587 1192 726 1250 vim,
752 1196 836 1242 tot
860 1190 1148 1256 tantisque
1178 1192 1353 1244 rebus
1379 1191 1496 1244 hue
1522 1193 1846 1244 necessariis
1870 1190 2174 1245 instructus
2201 1192 2281 1254 fit,
2308 1200 2392 1245 tot

179 1267 492 1325 tantosque
506 1261 785 1326 sumptuS‚
806 1261 1039 1314 labores
1054 1262 1106 1314 8(
1121 1278 1313 1315 annos
1328 1263 1654 1323 contulerit,
1671 1279 1795 1315 non
1810 1264 1885 1315 est
1900 1266 1962 1315 in
1977 1264 2217 1328 Europa
2232 1265 2391 1328 (cum

181 1332 484 1397 Europam
498 1333 646 1393 dice,
660 1339 850 1385 totum
865 1333 1088 1386 Orbem
1102 1334 1256 1398 dico)
1273 1337 1376 1399 qui
1389 1334 1492 1387 tibi
1506 1337 1839 1399 comparari
1855 1343 2047 1399 queat,
2064 1335 2389 1400 quisquam.

180 1403 353 1456 Abest
366 1403 522 1465 hinc,
542 1406 624 1456 ita
636 1419 733 1456 me
749 1404 960 1457 DEUS
974 1412 1148 1467 amet,
1165 1409 1360 1458 omnis
1374 1406 1654 1466 adulati0‚
1671 1422 1707 1458 a
1722 1408 1842 1471 qua
1857 1406 1908 1458 8(
1923 1408 2188 1472 dignitas,
2210 1423 2391 1471 quam

180 1490 335 1541 gere,
364 1474 416 1527 8(
441 1478 697 1541 gravitas
724 1491 906 1541 quam
933 1492 1070 1528 cum
1090 1478 1368 1530 omnibus
1393 1480 1545 1530 tueri
1570 1478 1794 1538 labor0,
1821 1494 1917 1530 me
1938 1478 2098 1542 apud
2117 1486 2290 1530 notos
2311 1486 2391 1530 at-

181 1562 297 1611 que
317 1549 564 1612 ignotOS,
585 1549 648 1599 in
667 1550 850 1613 ignoti
870 1548 1190 1613 praesertim
1210 1549 1282 1602 de
1303 1549 1452 1602 facie
1466 1549 1728 1601 hominis
1741 1549 1935 1610 laude,
1956 1549 2089 1602 satis
2103 1549 2391 1615 superque

180 1617 580 1670 vindicabunt.

254 1688 408 1753 Quae
423 1690 495 1742 de
510 1688 715 1743 exafia
725 1689 1249 1744 Instrumentorum
1261 1692 1337 1744 ad
1349 1691 1782 1744 observationes
1794 1693 2242 1745 necessariorum
2254 1708 2389 1745 con-

181 1758 489 1813 struffiione
504 1761 556 1813 8(
570 1761 674 1814 vsu
686 1765 866 1815 variis
880 1765 943 1814 in
956 1762 1116 1821 locis,
1140 1763 1191 1814 8(
1211 1764 1288 1815 ad
1301 1767 1498 1816 varios
1513 1780 1550 1816 a
1562 1771 1618 1815 te
1631 1763 1839 1828 scripta
1854 1763 2000 1824 sunt,
2021 1763 2391 1829 summopere

181 1847 278 1884 me
293 1831 670 1886 delectarunt.
693 1833 815 1899 Ego
830 1834 973 1886 dum
987 1833 1272 1887 hactenus
1286 1834 1434 1886 mihi
1448 1834 1551 1900 ipfi
1564 1835 1892 1887 satisfacere
1907 1851 2031 1887 non
2044 1838 2227 1900 potui,
2249 1836 2392 1887 dum

183 1919 256 1956 ea
275 1919 411 1968 quae
432 1920 557 1956 non
578 1903 782 1958 exacta
800 1904 946 1966 sunt,
967 1921 1044 1958 ne
1058 1905 1258 1958 videre
1277 1907 1534 1971 quidem,
1555 1907 1778 1959 nedum
1797 1906 2017 1959 habere
2037 1910 2245 1972 patior,
2268 1922 2391 1959 om-

182 1976 357 2032 nibus
390 1978 638 2028 omnino
671 1976 1086 2037 Instrumentis‚
1122 1985 1335 2042 praeter
1367 1993 1455 2038 ea,
1491 1994 1627 2042 quae
1659 1978 1735 2030 ad
1767 1978 2132 2042 voluptatem
2163 1985 2394 2031 tantum

182 2054 619 2112 comparantur,
641 2064 831 2101 careo,
854 2048 1172 2112 Quadrans
1188 2049 1551 2101 Nonnianus
1564 2049 1817 2101 multum
1833 2049 2157 2114 aliquando
2174 2065 2270 2101 me
2289 2049 2392 2102 ha-

182 2118 308 2171 buit
326 2118 659 2171 sollicitum:
685 2119 782 2172 sed
809 2122 951 2184 quia
971 2119 1330 2181 difficillime,
1358 2123 1480 2172 imo
1500 2120 1621 2172 fere
1642 2121 1980 2185 impossibile
2002 2121 2077 2173 est
2097 2137 2235 2173 eum
2257 2137 2391 2173 con-

182 2188 375 2251 ficere,
409 2193 658 2256 cogitavi
688 2206 795 2256 ego
825 2192 897 2243 de
927 2191 1058 2244 aliis
1087 2191 1313 2253 mediiS,
1348 2191 1400 2243 8(
1431 2194 1634 2244 inveni
1662 2195 1846 2253 varia,
1880 2208 2137 2256 quorum
2165 2200 2394 2258 partem

183 2260 639 2326 Christophorus
661 2262 907 2315 Clavius
931 2262 1165 2328 insignis
1187 2263 1648 2315 Mathematicus
1673 2266 1736 2315 in
1762 2264 1960 2315 libello
1987 2264 2090 2316 suo
2118 2264 2190 2316 de
2217 2263 2391 2316 horo·
2444 2282 2447 2285 ·

181 2332 350 2398 logiis
363 2333 648 2386 solaribus
662 2349 766 2399 per
780 2334 1235 2386 Instrumentum
1249 2334 1653 2395 describendiS,
1668 2335 1860 2386 edidit.
1870 2334 2139 2387 Tandem
2154 2338 2216 2387 in
2229 2351 2391 2387 men-

181 2410 300 2456 tem
319 2404 469 2457 mihi
487 2408 648 2457 venit
669 2405 1013 2470 quadrantis
1035 2405 1338 2471 cujusdam
1359 2404 1719 2464 constructio,
1745 2422 1880 2470 quae
1903 2410 2043 2472 quia
2064 2406 2245 2459 doctis
2266 2409 2390 2471 qui-

181 2474 425 2529 busdam
451 2479 590 2529 viris
616 2493 740 2529 non
765 2477 1068 2544 inelegans
1087 2477 1210 2529 visa
1235 2477 1326 2537 est,
1352 2477 1518 2529 volui
1545 2493 1680 2530 eam
1706 2478 1781 2530 ad
1806 2485 1861 2530 te
1886 2493 2124 2542 quoque
2144 2481 2388 2530 mittere.

182 2546 264 2599 Ut
282 2554 483 2599 tamen
503 2551 758 2613 ingenue
778 2548 965 2600 fatear
985 2549 1145 2613 quod
1165 2564 1258 2601 res
1279 2549 1370 2609 est,
1393 2549 1671 2613 quodque
1691 2550 1971 2601 verissime
1992 2549 2276 2602 affirmas:
2305 2553 2389 2601 in-

181 2621 488 2671 ventiones
509 2618 607 2671 hae
628 2635 836 2672 omnes
855 2622 1053 2672 minus
1073 2619 1294 2672 habent
1313 2623 1376 2671 in
1395 2621 1622 2682 recessu,
1645 2636 1828 2685 quam
1842 2621 1913 2673 de
1927 2621 1982 2672 se
1997 2623 2188 2686 prima
2201 2620 2390 2672 fronte

181 2688 482 2754 spondent.
511 2690 766 2743 Gratum
793 2697 995 2743 tamen
1019 2691 1168 2743 mihi
1195 2694 1303 2743 erit
1329 2698 1500 2743 tuum
1526 2693 1597 2744 de
1624 2692 1738 2744 hoc
1761 2692 1972 2744 ultimo
1992 2708 2128 2744 meo
2148 2695 2390 2744 invento

181 2761 387 2813 audire
411 2762 719 2827 judicium.
751 2762 838 2814 Ex
867 2763 942 2814 N.
972 2763 1046 2815 N.
1074 2763 1348 2828 Plagiarii
1372 2766 1458 2815 tui
1483 2762 1700 2823 libello,
1732 2779 1912 2828 quem
1937 2763 2392 2816 fundamentum

147 2850 163 2868 r
181 2832 657 2885 Astronomicum
685 2833 975 2898 inscripfit,
1008 2836 1306 2899 unicoque
1337 2836 1464 2900 ejus
1494 2830 1981 2903 diagram·ssmate,
2016 2836 2177 2900 quod
2205 2835 2391 2887 Paulo

181 2903 465 2956 Witichio
487 2905 791 2963 dedicavit,
820 2904 1111 2957 construxi
1133 2920 1239 2971 ego
1260 2909 1568 2970 praeteritis
1590 2906 1811 2966 diebuS‚
1834 2922 1971 2958 cum
1991 2908 2066 2959 ob
2087 2906 2391 2959 adversam

181 2974 585 3028 valetudinem
598 2975 846 3041 publicis
861 2979 1108 3042 negotiis
1121 2992 1335 3029 vacare
1349 2993 1472 3029 non
1487 2978 1716 3042 possem,
1735 2993 1958 3030 novam
1971 2977 2392 3043 sphaericorum

183 3047 615 3111 triangulorum
641 3046 983 3108 dod'trinam,
1010 3050 1073 3099 in
1099 3064 1219 3112 qua
1241 3064 1346 3113 per
1364 3048 1629 3101 tabulam
1649 3048 1899 3109 sinuum,
1926 3052 2310 3114 tangentium,
2340 3048 2391 3100 8(

183 3116 504 3170 secantium
531 3134 739 3170 omnes
765 3125 888 3171 tam
914 3117 1390 3184 rectangulorum
1417 3135 1599 3184 quam
1625 3120 2186 3185 obliquangulorum
2211 3119 2390 3180 casuS,

185 3187 303 3240 fine
332 3189 456 3242 ulla
483 3190 971 3254 multiplicatione
1000 3190 1096 3242 vel
1125 3190 1406 3242 divisione
1435 3206 1540 3255 per
1569 3190 1752 3243 solam
1785 3192 2149 3244 additionem
2182 3191 2234 3243 8(
2265 3191 2390 3243 sub-

184 3257 531 3312 tractionem
562 3260 838 3313 facillime
869 3260 1268 3326 perficiuntur.
1303 3262 1452 3314 Eam
1485 3277 1723 3326 quoque
1755 3263 1831 3314 ad
1860 3270 1916 3314 te
1946 3266 2253 3322 mitterem,
2287 3261 2392 3314 nifi

185 3329 390 3383 scirem
407 3338 464 3384 te
484 3347 610 3384 rem
628 3338 830 3391 totam,
850 3331 972 3384 solo
993 3347 1065 3384 eo
1087 3333 1511 3399 diagrammate
1531 3332 1784 3399 inspedto
1802 3334 1973 3386 facile
1987 3335 2390 3386 assecuturum.

334 3412 378 3448 ιε
2306 3405 2393 3457 Ex
