2638 3952
93 1110 135 1145 10

91 1496 134 1531 15

400 270 1012 325 ASTRONOMIAE
1037 273 1604 327 INSTAURATAE
1632 276 2182 331 MECHANICA
2325 281 2392 333 75

187 413 302 455 tum
316 410 807 456 Astronomicorurn
828 423 893 456 ex
914 412 1047 457 meis
1060 413 1289 458 Tomurn
1307 414 1557 470 primurn,
1579 414 1769 471 pagina
1789 415 1876 459 247
1898 417 1937 460 δι
1958 417 2124 462 tribus
2146 419 2394 474 sequenti-

188 487 301 532 bus.
333 488 410 532 Ibi
438 488 594 532 latius
622 488 742 532 haec
770 489 1055 544 explanata
1080 490 1334 534 invenies:
1367 491 1622 546 liquidem
1646 491 1700 535 in
1726 492 2041 538 denotandis
2066 495 2297 539 fixarum
2323 497 2394 540 di·

187 564 398 620 stantijs‚
432 577 564 620 quas
595 564 794 609 ibidem
826 567 998 622 capite
1031 567 1260 612 fecundo
1291 568 1556 612 Canonice
1588 569 1941 624 exposuimus,
1973 571 2014 613 &
2044 572 2112 615 ad
2145 584 2392 617 normam

187 641 460 686 Coelestem
487 642 556 686 ad
582 642 823 686 amussim
849 644 1210 700 expangimus‚
1238 645 1350 701 ejus
1375 645 1634 700 plurimus
1659 646 1781 690 usus
1806 647 1988 690 extitit.
2017 648 2096 692 De
2122 649 2226 693 hoc
2251 651 2391 694 enirn

187 718 534 763 Instrumento
560 718 614 762 id
639 719 815 764 testari
842 720 1063 775 poBum,
1092 724 1240 765 tanta
1268 722 1578 766 certitudine
1605 724 1646 767 &
1671 723 1979 779 praecifione
2005 725 2231 769 fiderum
2260 739 2392 782 prae·

186 796 312 840 bere
342 795 778 852 intercapedines,
810 800 1029 853 tamque
1063 798 1168 842 cito
1200 799 1242 842 ἃ
1274 798 1444 852 facile,
1478 803 1536 843 ut
1567 799 1693 843 nihil
1723 800 1778 844 in
1809 812 1873 845 eo
1904 801 2186 846 defiderari
2216 807 2389 858 queat.

185 872 341 926 Quod
360 874 445 916 vel
473 873 594 917 inde
619 877 779 928 patet,
809 875 844 917 fi
871 875 986 930 quis
1007 875 1288 920 Distantias
1309 876 1574 920 stellarum
1599 877 1652 920 in
1678 881 1801 922 ante
1827 877 1966 923 did’to
1991 879 2126 923 libro
2148 893 2181 924 a
2200 881 2390 936 pagina

188 949 286 994 195.
308 950 470 1005 usque
488 951 557 994 ad
573 950 676 994 203.
698 951 958 996 indicatas
979 953 1020 996 ἃ
1040 953 1151 996 usui
1173 953 1468 1008 applicatas
1487 954 1712 1009 penitius
1732 956 2093 1000 confiderarit:
2118 959 2389 1012 quomodo

183 1026 442 1079 videlicet,
477 1027 712 1072 adhibita
745 1028 907 1072 etiam
940 1029 1205 1073 stellarum
1235 1030 1600 1076 Declinatione
1631 1035 1804 1076 totum
1834 1033 2017 1077 circuli
2045 1035 2305 1078 ambitum
2337 1036 2390 1079 in

243 1103 550 1161 differentijS
570 1105 1059 1150 Adscenfionalibus
1084 1107 1207 1151 hinc
1227 1107 1629 1164 Triangulorum
1651 1121 1752 1165 ope
1772 1110 2037 1164 extrudtis‚
2064 1112 2155 1156 ubi
2181 1113 2330 1156 simul

362 1185 700 1226 coacervatae
727 1183 856 1235 sunt,
884 1182 1200 1228 exad'tissime
1224 1185 1594 1240 complecstitur
1613 1187 1654 1229 81
1674 1188 1886 1231 claudit.
1916 1188 2071 1241 Quod
2096 1189 2211 1233 fieri

479 1270 587 1303 non
609 1259 787 1315 posset,
810 1261 845 1303 fi
867 1260 1082 1316 aliquod
1103 1261 1318 1306 subesset
1336 1262 1539 1307 vitium.
1568 1263 1746 1316 Quare
1772 1265 1911 1309 hanc
1934 1266 2094 1310 stella=

598 1349 720 1381 rum
734 1337 1002 1382 distantias
1015 1338 1108 1382 tali
1121 1338 1370 1384 Sextante
1383 1340 1697 1385 observandi
1711 1342 1974 1386 rationem

739 1414 895 1470 hujus
915 1415 1043 1459 artis
1064 1415 1264 1459 alumni
1283 1416 1376 1460 fibi
1395 1419 1833 1463 commendatam

1159 1493 1409 1538 habeant.

319 3419 383 3454 ¹⁰*
2020 3429 2372 3483 SEXTANS
