2638 3952
305 257 397 309 142

518 258 1130 314 ASTRONOMIAE
1157 261 1726 315 INSTAURATAE
1751 261 2301 314 MECHANICA

409 397 1328 475 ORTHOGRAPHIA
1366 401 1968 476 PRAECIPVAE
2010 401 2414 475 DOMVS
2513 401 2638 445 ΗΖ*

307 499 494 542 ARCIS
508 499 919 546 VRANIBVRGI
935 503 1007 546 IN
1022 504 1198 547 INSV-

490 570 595 613 SIA
621 572 861 616 VULGO
891 574 1192 628 HVENNA,

306 641 566 685 RANDAE
595 643 838 688 GRATIA
865 646 1054 689 CIRCA
1080 648 1194 690 AN·
1236 676 1272 710 ἦ-
1330 699 1332 701 ,

941 718 1193 763 EXAEDI-

1624 504 1712 546 LA
1732 502 2033 546 PORTHMI
2055 503 2289 546 DANICI
2305 503 2509 546 νΕΝν-

1621 573 2091 617 ASTRONOMIAE
2118 574 2374 617 1NsrAv-

1623 645 1775 689 NVM
1790 643 1952 687 1580A
1962 645 2283 689 TYCHONE
2292 646 2510 690 BRAHE

1620 715 1894 761 FICATAE.
2560 740 2583 775 ⁵

670 2285 1310 2338 ICHNOGRAPHIA
1337 2284 1436 2336 ET
1462 2284 1632 2337 EIVS
1659 2284 2145 2338 EXPLICATIO.
2561 2305 2590 2348 -1-

407 2377 542 2411 Ianua
581 2372 818 2409 Orientalis.
861 2373 907 2408 C.

428 2425 461 2458 4.
490 2422 542 2458 ad
570 2422 750 2466 angulos
777 2418 906 2456 rthos

1911 2372 2205 2410 Occidentalis.
2240 2374 2281 2408 Θ.
2301 2372 2511 2408 Tranfitus

1911 2423 2218 2461 concurrentes,
2260 2420 2333 2466 qui
2370 2422 2512 2455 tamen

307 2470 445 2515 postea
464 2470 508 2505 in
527 2473 608 2505 tres
635 2466 786 2504 redacti
805 2467 908 2507 sunt,

1910 2471 1955 2504 ut
1971 2468 2252 2504 Coenaculum
2273 2468 2512 2513 hybernum

308 2518 390 2554 five
420 2516 723 2563 hypocaustum
754 2516 791 2551 D
821 2526 907 2550 arn-
1910 2516 2119 2561 pliaretur,
2134 2518 2258 2561 atque
2273 2514 2316 2550 in
2331 2514 2423 2559 ejus
2438 2526 2511 2551 an·
2565 2518 2608 2554 10

309 2566 409 2610 gulo
440 2564 526 2610 post
557 2565 782 2604 fornacem,
816 2574 907 2608 par·
992 2607 994 2614 y
1909 2575 2010 2600 vum
2031 2563 2245 2609 quoddam
2263 2562 2511 2599 &secretum

307 2612 606 2648 laboratorium
646 2610 908 2656 spagyricum
973 2607 1002 2653 ,κ’
1058 2616 1097 2645 *of
1696 2612 1703 2619 ‘
1776 2647 1788 2655 ,
1910 2612 2015 2652 esset,
2044 2611 2088 2646 in
2116 2620 2200 2656 quo
2225 2613 2366 2646 tamen
2394 2610 2513 2656 quin-

1045 2633 1063 2648 al'
1077 2632 1081 2640 ¹
1132 2635 1152 2648 ‘ts

308 2672 389 2705 que
411 2657 627 2695 distinctim
648 2661 764 2694 erant
785 2657 908 2698 furni,
953 2657 966 2702 ‚J‘
1005 2661 1056 2701 sss„
1105 2647 1121 2660 *¹
1168 2658 1234 2677 “⁴

308 2707 424 2743 isthic
435 2706 551 2752 operi
560 2705 836 2751 Pyronomico
847 2705 908 2740 in·
950 2708 957 2754 ξ
1004 2710 1015 2749 's
1023 2702 1038 2745 ί,

308 2754 447 2799 majus
459 2754 565 2789 illud
574 2753 909 2790 descendendum
956 2759 972 2799 ἰ,

1146 2777 1167 2794 ss

307 2802 483 2838 lubilem
504 2804 656 2842 rotans,
684 2800 756 2847 qui
777 2811 909 2846 aquas
1008 2841 1022 2854 Η
1056 2798 1099 2822 ‘ff‘
1116 2798 1219 2834 ‘⁰22'-

307 2849 482 2885 sublime
519 2849 816 2885 eiaculabatur.
860 2848 909 2883 D.

309 2908 423 2933 num.
447 2898 489 2932 E.
505 2898 545 2932 F.
561 2897 609 2933 G.
627 2897 815 2932 Camerae
835 2906 910 2940 pro

309 2945 473 2981 ascensu
488 2944 532 2980 in
546 2943 797 2990 superiorem
812 2953 909 2980 con-

310 2994 354 3028 K.
360 2994 510 3028 Puteus
520 2990 910 3028 cernentitius40.ul-

310 3039 498 3076 draulico
520 3039 701 3075 serviens
723 3040 757 3075 ἃ
778 3049 910 3085 aquas

1794 2667 1808 2713 ξ
1853 2662 1860 2697 ’ῑ
1911 2659 1984 2705 qui
2012 2658 2245 2704 promptius
2275 2658 2330 2693 ad
2358 2668 2512 2694 manus

1854 2702 1870 2745 ἶ
1909 2706 2150 2746 serviebant,
2188 2716 2242 2742 ne
2279 2705 2436 2750 semper
2467 2705 2512 2741 in

1773 2742 1797 2786 ξ’
1909 2755 2022 2790 foret.
2038 2754 2199 2789 B.F0ns
2211 2753 2510 2798 aquariumvo—

1698 2795 1732 2810 ‘⁹‘
1772 2838 1787 2850 A
1826 2803 1835 2806 ⁴
1910 2801 2011 2838 hinc
2037 2801 2136 2837 inde
2162 2812 2260 2837 cum
2289 2800 2438 2841 lubuit,
2467 2800 2511 2836 in

1910 2848 2192 2885 Coenaculum
2225 2847 2331 2884 illud
2362 2848 2511 2893 hyber-

1910 2896 2151 2942 hospitibus.
2182 2896 2224 2931 L.
2245 2896 2411 2932 Gradus
2437 2907 2512 2941 pro

1908 2944 2196 2990 tignationem.
2224 2944 2278 2979 H.
2305 2943 2512 2988 Coquina.

1909 3003 1987 3027 nas
1995 2991 2243 3037 profundus,
2253 2990 2428 3027 artificio
2435 2991 2511 3037 hy-

1908 3051 1980 3084 per
1997 3039 2193 3084 siphones
2210 3038 2311 3074 hinc
2329 3038 2428 3074 inde
2445 3049 2512 3075 oc-

310 3087 419 3124 culte
444 3098 517 3132 per
542 3098 711 3122 murum
737 3087 994 3124 transeuntes
1016 3088 1059 3123 in
1086 3087 1271 3133 singulas
1293 3088 1491 3123 Cameras
1511 3090 1597 3123 tam
1617 3087 1847 3132 superiores
1867 3098 1995 3132 quam
2016 3086 2231 3122 inferiores
2252 3085 2512 3122 distribuens.

311 3136 349 3170 Ρ.
376 3135 542 3170 Gradus
568 3145 643 3179 pro
670 3133 861 3171 descensu
889 3135 933 3170 in
959 3135 1258 3171 laboratorium
1286 3134 1552 3180 Chymicum.
1579 3136 1622 3170 T.
1650 3135 1920 3171 Bibliotheca.
1940 3135 2004 3170 W.
2025 3134 2188 3170 Globus
2214 3144 2396 3178 magnus
2423 3133 2513 3169 Ori-

311 3182 525 3219 chalcicus
540 3193 655 3217 num.
664 3183 721 3217 22.
733 3182 952 3219 exhibitus.
963 3184 1008 3218 V.
1019 3183 1207 3226 Quatuor
1220 3182 1375 3218 Mensae
1389 3193 1464 3227 pro
1476 3182 1687 3218 Studiosis.
1702 3184 1735 3217 4.
1745 3182 1913 3218 Camini
1926 3185 2011 3218 tam
2026 3193 2048 3217 e
2062 3180 2314 3217 laboratorio
2328 3180 2513 3217 inferiori

311 3229 589 3270 ascendentes,
616 3241 743 3274 quam
770 3230 814 3265 in
841 3233 1019 3275 quatuor
1046 3230 1214 3275 angulis
1242 3229 1520 3266 conclavium.
1547 3231 1590 3265 Y.
1613 3228 1720 3266 Lecti
1747 3230 1791 3265 in
1818 3230 1960 3274 ijsdem
1981 3228 2267 3269 conclavibus,
2290 3227 2390 3265 hinc
2413 3228 2512 3264 inde

312 3276 498 3322 dispofiti.
526 3277 685 3312 Caetera
712 3280 860 3313 acutus
887 3276 1085 3322 inspector
1113 3277 1280 3322 propria
1309 3277 1539 3313 intentione
1565 3277 1687 3314 facile
1714 3277 1922 3314 discernet.
1953 3276 2230 3321 Intelligenda
2256 3278 2396 3311 autem
2421 3275 2513 3311 sunt

403 3325 495 3360 haec
515 3324 659 3360 omnia
679 3324 723 3359 in
743 3336 793 3360 ea
813 3325 1052 3370 quantitate,
1072 3325 1201 3361 veluti
1221 3325 1496 3361 fundamento
1517 3324 1690 3369 maioris
1711 3325 1863 3361 domus
1883 3325 2004 3370 supra
2024 3321 2195 3368 depietae
2215 3323 2420 3368 quadrare

654 3375 862 3416 poterunt:
884 3372 996 3409 Licet
1015 3373 1085 3409 hic
1106 3370 1392 3409 coarctationis
1413 3372 1496 3408 loci
1518 3372 1647 3418 gratia
1668 3372 1711 3407 in
1733 3373 1863 3417 duplo
1884 3372 1999 3418 quasi
2019 3370 2172 3407 minori

1192 3419 1326 3455 forma
1346 3419 1628 3456 exhibeantur.

2046 3418 2511 3472 EXPLICATIO

2564 2755 2607 2791 1⁵

2561 3231 2607 3266 25
