2638 3952
289 274 381 327 106
503 271 1115 327 ASTRONOMIAE
1142 272 1710 327 INSTAURATAE
1736 272 2285 328 MECHANICA

486 421 677 510 DE
721 418 890 510 IIS
936 419 1264 530 QUAE
1308 418 2096 511 HACTENUS
2141 420 2296 511 IN
2532 416 2597 459 F*

366 544 1078 605 ASTRONOMICIS
1113 544 1271 604 DEI
1308 543 1607 614 DONO,
1643 543 2403 624 EXANTLAVIMUS‚

647 633 1012 699 QUAEQUE
1038 635 1413 688 POSTHAC
1441 634 1730 687 EODEM
1758 634 2122 694 FAVENTE‚

932 717 1439 782 EXEQUENDA
1467 717 1837 770 RESTANT.

301 841 455 913 *fs
553 852 673 859 i
717 843 897 895 NNO
929 842 1176 894 Domini
1206 843 1351 895 1563.
1380 850 1517 895 ante
1547 858 1740 895 annos
1770 845 2053 894 nimirum
2079 843 2164 895 35.
2196 859 2315 908 quo
2344 852 2485 896 tem·
2537 864 2558 897 5

568 913 579 922 “’
597 884 673 960 Q
716 930 860 979 pore
882 911 1217 979 conjuntftio
1237 913 1340 966 illa
1359 929 1578 979 magna
1596 913 1963 978 superiorum
1980 913 2360 967 Planetarum
2381 918 2484 967 cir-

664 981 673 1001 ‘⁵
718 1002 786 1038 ca
812 984 996 1037 finem
1017 985 1235 1038 Cancri
1255 984 1307 1037 8(
1327 987 1563 1037 initium
1584 986 1799 1036 Leonis
1827 987 2079 1050 contigit,
2101 987 2273 1051 juxta
2298 990 2486 1039 aetatis

715 1056 924 1108 nostrae
945 1072 1175 1108 annum
1189 1057 1485 1108 decimum
1498 1056 1723 1108 sextum
1738 1056 2113 1121 completum,
2135 1056 2342 1122 Lipfiae
2361 1057 2484 1110 lite-

715 1131 794 1180 ris
820 1127 1276 1180 humanioribus
1303 1143 1548 1192 operam
1575 1127 1807 1188 dabam,
1835 1127 2181 1180 sustentante
2205 1144 2301 1180 me
2324 1128 2484 1181 isthic

715 1215 839 1252 una
859 1215 994 1251 cum
1014 1199 1354 1264 paedagogo,
1376 1199 1592 1251 Patruo
1612 1214 1748 1250 meo
1770 1199 2093 1251 charissimo
2117 1199 2482 1253 GEORGIO
2537 1218 2579 1253 10

275 1270 565 1331 BRAHE,
594 1274 695 1335 qui
722 1276 859 1323 ante
886 1285 1079 1322 annos
1106 1273 1329 1322 circiter
1355 1270 1440 1322 30.
1460 1269 1601 1322 fatis
1628 1271 1904 1322 concessit.
1932 1270 2152 1322 Parens
2180 1274 2339 1322 enim
2365 1271 2482 1336 ipse

274 1357 443 1394 meus
473 1341 844 1394 honorandae
873 1344 1182 1393 memoriae
1214 1341 1429 1394 OTTO
1460 1341 1732 1393 BRAHE
1765 1341 1920 1393 filios
1949 1341 2099 1403 sum,
2134 1357 2283 1406 quos
2313 1345 2480 1407 quin-

274 1429 389 1478 que
419 1413 641 1474 habuit‚
674 1429 930 1478 quorum
958 1428 1065 1477 ego
1090 1412 1217 1464 sum
1246 1415 1685 1477 primogenituS‚
1715 1412 1897 1464 literis
1922 1413 2120 1464 latinis
2146 1414 2331 1465 imbui
2358 1429 2482 1466 non

273 1485 598 1536 admodum
627 1484 948 1549 expetebat,
983 1487 1151 1536 cuius
1182 1491 1383 1536 tamen
1415 1483 1604 1548 ipsum
1635 1483 1831 1548 postea
1863 1487 2153 1549 poenituit.
2188 1485 2481 1538 Educarat

271 1571 413 1608 vero
442 1571 538 1607 me
569 1555 643 1607 ab
672 1555 793 1620 ipsa
821 1554 1072 1607 infantia
1101 1553 1287 1607 dictus
1313 1555 1578 1616 PatruuS‚
1608 1554 1660 1606 8(
1686 1555 1961 1620 deinceps
1991 1555 2307 1608 liberaliter
2333 1556 2479 1608 aluit
2533 1574 2574 1609 15

271 1628 470 1691 quoad
490 1630 649 1687 vixit,
676 1627 858 1691 usque
879 1629 942 1678 in
962 1629 1150 1678 aetatis
1170 1641 1322 1678 meae
1343 1642 1573 1678 annum
1593 1627 1889 1678 decimum
1910 1625 2201 1686 octavum,
2228 1626 2476 1692 semper-

271 1714 385 1763 que
414 1698 522 1750 filii
553 1699 685 1750 loco
717 1698 941 1758 habuit,
975 1704 1152 1762 atque
1182 1700 1245 1749 in
1273 1697 1574 1750 haeredem
1604 1698 1886 1762 adoptare
1920 1698 2305 1750 constituerat.
2340 1699 2477 1751 Erat

270 1772 430 1821 enim
449 1769 624 1835 ipsius
646 1771 776 1835 conj
783 1772 988 1834 ugium
1007 1768 1208 1829 sterile,
1230 1772 1293 1820 in
1313 1784 1564 1820 uxorem
1584 1767 1757 1821 ducta
1778 1769 2141 1821 Nobilissima
2155 1769 2207 1821 8(
2221 1770 2475 1833 pruden-

267 1842 469 1892 tissima
501 1841 767 1892 Domina
800 1839 1108 1892 INGERA
1139 1839 1477 1900 OXONIA,
1511 1843 1712 1905 magni
1743 1840 1901 1891 illius
1933 1840 2155 1892 PETRI
2186 1841 2475 1894 OXONII

267 1912 462 1976 postea
485 1912 667 1977 Regni
688 1912 905 1964 Daniae
927 1911 1104 1963 Aulae
1125 1911 1401 1976 Magistri,
1428 1911 1640 1971 sorore,
1670 1927 1806 1975 quae
1833 1918 1969 1963 ante
1997 1915 2475 1976 quinquennium
2524 1930 2570 1965 20

267 1984 423 2035 diem
451 1984 608 2044 obiit,
637 1999 892 2048 quaeque
918 1998 1015 2034 me
1043 1985 1237 2043 etiam,
1265 1982 1409 2034 dum
1428 1985 1588 2043 vixit,
1616 1983 1792 2034 instar
1817 1982 1940 2048 filij,
1968 1982 2243 2048 singulari
2269 1999 2474 2036 amore

267 2055 576 2119 complexa
603 2055 692 2106 est.
721 2055 873 2106 Haec
899 2054 1094 2119 postea
1120 2070 1224 2119 per
1251 2054 1563 2106 duodecim
1589 2069 1782 2106 annos
1805 2057 1867 2105 in
1892 2054 2196 2120 Gynecaeo
2218 2054 2472 2120 Reginae,

264 2132 527 2191 tempore
550 2126 719 2191 Regis
739 2124 1133 2177 FRIDERICI
1155 2125 1207 2177 II
1227 2125 1629 2177 laudatissimae
1649 2128 1975 2185 memoriae,
2002 2125 2179 2177 Aulae
2205 2126 2474 2191 magistra

263 2196 388 2258 fuit,
410 2197 751 2249 succedente
771 2196 856 2248 illi
876 2200 939 2248 in
961 2197 1172 2249 eodem
1193 2196 1389 2248 officio
1409 2203 1597 2248 matre
1617 2199 1754 2248 mea
1768 2196 2091 2248 charissima
2106 2196 2158 2248 8(
2172 2196 2471 2250 honoran-

264 2269 484 2320 dissima
503 2268 754 2320 BEATA
769 2268 1051 2320 BILLEA
1071 2284 1175 2332 per
1196 2266 1552 2328 octennium,
1576 2283 1711 2332 quae
1727 2270 2054 2319 etiamnum
2070 2284 2142 2320 ex
2157 2268 2273 2320 Dei
2286 2271 2472 2333 gratia
2521 2286 2567 2320 25

262 2339 540 2404 superstes
561 2339 651 2398 est,
674 2355 853 2404 agens
874 2355 1103 2391 annum
1125 2341 1313 2391 aetatis
1333 2340 1406 2391 71.
1430 2337 1672 2391 Factum
1693 2341 1893 2403 itaque
1911 2339 2194 2403 peculiari
2210 2340 2471 2404 quadam

261 2410 425 2470 sorte,
448 2417 511 2462 ut
532 2427 638 2476 ego
660 2427 697 2462 a
716 2411 932 2462 Patruo
952 2413 1388 2475 praenominato
1409 2410 1755 2461 Parentibus
1776 2409 1908 2474 ipfis
1928 2410 2118 2462 insciis
2138 2413 2201 2462 in
2220 2410 2470 2463 infantia

261 2480 552 2546 abreptuS‚
575 2482 649 2534 ab
671 2497 742 2533 eo
764 2484 918 2533 circa
937 2497 1166 2533 annum
1186 2484 1374 2532 aetatis
1394 2481 1705 2546 septimum
1724 2481 1938 2533 scholae
1956 2481 2158 2533 latinae
2172 2482 2469 2534 adhibitus

260 2552 380 2612 fim,
403 2552 455 2604 8(
469 2555 639 2619 juxta
654 2553 949 2604 decimum
964 2559 1241 2616 quartum
1254 2551 1450 2616 postea
1464 2568 1709 2612 annum,
1728 2552 1981 2617 Lipfiam
1995 2552 2317 2604 studiorum
2331 2569 2467 2605 con-

260 2624 686 2676 tinuandorum
711 2626 896 2688 gratia
921 2624 1129 2684 missuS‚
1158 2623 1258 2675 ubi
1284 2638 1389 2687 per
1413 2625 1735 2675 triennium
1759 2630 2024 2675 moratus
2043 2623 2186 2676 sum.
2215 2624 2369 2687 Quae
2391 2625 2465 2677 ob
2516 2640 2562 2676 30

259 2695 318 2746 id
338 2695 520 2759 paulo
542 2695 716 2746 altius
736 2702 954 2759 repet0‚
976 2701 1040 2746 ut
1060 2694 1288 2755 constet,
1315 2696 1434 2758 qua
1454 2694 1755 2746 occasione
1776 2694 1972 2747 studiis
1992 2694 2331 2747 liberalibus
2351 2699 2464 2760 pri-

258 2782 426 2817 mum
452 2766 794 2830 applicatus,
824 2765 1020 2830 postea
1046 2765 1466 2817 Astronomicis
1493 2768 1764 2817 animum
1791 2766 2124 2831 adjecerim,
2151 2773 2332 2831 utque
2359 2767 2463 2819 Pa-

258 2844 493 2889 rentum
519 2838 590 2889 de
616 2852 712 2888 me
738 2837 889 2889 bene
915 2839 1262 2888 meritorum
1287 2839 1640 2888 memoriam
1659 2843 1819 2902 grate
1840 2837 2115 2889 recolam.
2145 2837 2302 2890 Cum
2322 2853 2463 2890 vero

252 2910 380 2974 jam
408 2915 584 2960 antea
615 2923 687 2959 ex
716 2907 878 2960 libris
906 2910 969 2959 in
996 2907 1198 2959 Dania
1223 2907 1418 2959 Patria
1446 2909 1597 2968 mea,
1629 2907 1947 2972 praesertim
1974 2908 2462 2972 Ephemeridibus

259 2979 345 3043 (ut
358 2981 595 3031 veniam
611 2995 682 3031 eo
698 2994 817 3043 quo
833 2978 1118 3041 constitui)
1135 2978 1627 3030 Rudimentorum
1640 2978 2049 3040 Astronomiae‚
2072 2982 2166 3031 cui
2187 2980 2462 3032 Naturali
2511 2995 2556 3030 35

258 3050 518 3114 quadam
549 3050 933 3102 inclinatione
966 3047 1230 3102 addictus
1263 3065 1443 3109 eram,
1477 3052 1645 3101 initia
1676 3050 1970 3102 nonnulla
2002 3051 2273 3115 jecissem;
2313 3053 2460 3116 caepi

255 3128 394 3172 tunc
411 3121 631 3186 Lipfiae‚
647 3128 776 3173 utut
790 3124 975 3173 invito
992 3121 1042 3172 8(
1057 3119 1377 3173 reluctante
1391 3121 1736 3186 Paedagog0‚
1752 3124 1854 3185 qui
1868 3137 1964 3172 me
1979 3121 2459 3185 Iurisprudentiae
2510 3125 2537 3167 †

257 3208 501 3256 operam
528 3193 667 3244 dare
693 3193 917 3251 maluit,
945 3192 1264 3244 Parentum
1286 3191 1654 3243 voluntatem
1679 3193 2068 3256 praetendenS‚
2097 3192 2280 3256 (quod
2301 3192 2351 3244 8(
2373 3195 2458 3244 ni-

254 3263 596 3323 hilominuS,
631 3270 920 3327 quantum
949 3278 1053 3327 per
1083 3269 1318 3314 aetatem
1346 3262 1508 3314 licuit
1536 3262 1668 3326 feci)
1701 3279 1774 3314 ex
1802 3263 1964 3315 libris
1994 3262 2146 3314 clam
2177 3266 2458 3328 coemptis

255 3333 693 3386 Astronomiam
721 3337 907 3398 magis
936 3336 1257 3399 magisque,
1288 3333 1503 3385 secreto
1532 3340 1749 3393 tamen,
1779 3349 1855 3386 ne
1883 3333 2455 3456 Paedagogus}sub01t-
2505 3350 2553 3385 40

2248 3418 2417 3464 acere
2443 3445 2454 3465 ,
