2638 3952
279 251 348 302 70
490 249 1101 302 ASTRONOMIAE
1129 249 1695 303 INSTAURATAE
1723 250 2271 304 MECHANICA

278 389 436 434 volvi.
465 390 671 433 Canalis
700 392 878 433 autem
905 389 988 433 ille
1016 389 1099 446 alij
1127 389 1375 445 pedestali
1400 401 1495 444 per
1514 389 1560 432 V
1581 389 1819 433 &literas
1839 389 1885 432 X
1906 389 2191 445 significato
2214 390 2402 444 insistit,
2429 392 2482 436 in

279 478 384 522 quo
405 466 568 510 etiam
587 467 926 521 undiquaque
948 478 1072 510 cum
1091 469 1205 511 toto
1220 466 1585 518 Instrumento,
1607 469 1764 521 prout
1782 478 1915 521 opus
1932 466 2103 519 fuerit,
2126 468 2482 512 circumverti-

276 548 377 595 tur,
408 547 466 586 ut
494 544 545 587 id
574 544 627 587 in
655 544 875 598 planum
902 543 1211 598 quarumvis
1241 543 1506 587 stellarum
1532 543 1679 599 dirigi
1704 543 1873 598 possit:
1905 547 2063 599 prout
2089 543 2482 590 observationis

278 621 413 665 ratio
433 620 664 676 requirit.
687 621 852 664 Potest
872 621 1034 664 etiam
1055 621 1287 676 eJusdem
1308 620 1508 664 canalis
1528 620 1745 664 interior
1762 620 1888 664 Axis
1907 633 2013 664 una
2034 626 2160 665 cuin
2179 621 2304 676 ipso,
2327 623 2482 667 adeo·

262 711 379 758 *que
398 698 650 742 innitente
670 698 1018 741 Instrumento
1041 697 1195 741 altius
1214 697 1268 741 in
1287 696 1516 754 subjecto
1536 697 1786 752 pedestali
1807 698 1989 750 attolli,
2015 700 2173 754 atque
2194 699 2262 743 fic
2282 699 2370 755 figi
2388 699 2482 743 im-

277 779 422 820 mote
450 778 608 831 prout
636 775 756 819 usus
785 775 955 830 exigit.
988 775 1268 818 Descendit
1296 775 1437 818 enim
1466 775 1603 818 intra
1633 775 2050 830 quadrilateram
2077 775 2353 831 pedestalis
2382 776 2483 821 for·

278 866 442 905 mam,
477 852 894 908 quadrilaterum
924 863 1135 907 quoque
1163 851 1385 896 solidum
1416 851 1630 908 lignum,
1665 852 1808 907 quod
1838 852 2037 896 sursum
2066 852 2191 896 ferri
2220 856 2378 909 atque
2406 865 2482 898 re-

276 931 426 983 mitti,
449 931 489 974 8ι
510 930 812 985 ubicunque
832 930 976 974 lubet
994 929 1200 973 firmari
1225 929 1412 985 potest;
1442 930 1616 985 sicque
1636 942 1743 974 una
1765 930 1931 974 attolli
1949 931 2033 974 vel
2055 929 2280 985 deprimi
2299 930 2483 976 Instru-

276 1010 531 1060 mentum,
554 1006 715 1050 veluti
736 1007 910 1059 stellae,
933 1019 1161 1062 quarum
1181 1007 1524 1062 intercapedo
1545 1006 1807 1059 rimanda,
1832 1007 2044 1051 altiores
2063 1008 2148 1052 vel
2169 1007 2481 1052 decliviores

275 1085 328 1128 in
343 1085 488 1128 Coelo
509 1084 715 1129 fuerint.
739 1085 797 1128 In
816 1084 926 1140 ipso
948 1087 1128 1128 autem
1143 1084 1508 1136 Instrumento,
1531 1085 1710 1138 quoad
1728 1083 1921 1128 limbos
1942 1084 2031 1128 ubi
2052 1085 2329 1129 divisiones
2349 1085 2478 1138 sunt,

274 1166 390 1206 tum
419 1174 630 1217 quoque
659 1162 713 1205 in
740 1162 1070 1206 transversali
1097 1162 1139 1204 δι
1165 1161 1439 1217 cylindris,
1472 1161 1653 1205 omnia
1682 1162 1797 1205 sunt
1826 1162 2176 1207 Orichalcica.
2208 1149 2481 1218 Contigna-

274 1240 446 1284 tiones
464 1240 505 1283 81
522 1239 693 1283 fulcra
713 1251 779 1283 ex
799 1239 1134 1283 ferramentis
1153 1239 1359 1283 affabre
1373 1239 1673 1284 elaboratis.
1698 1239 1911 1294 Reliqua
1925 1239 2096 1295 lignea
2110 1240 2325 1284 solerter
2337 1251 2481 1284 com-

274 1318 441 1373 posita
462 1317 502 1360 81
522 1316 800 1360 metallicis
820 1316 1101 1370 laminulis,
1129 1317 1220 1361 ubi
1241 1328 1374 1372 opus
1394 1316 1481 1369 est,
1509 1316 1729 1369 munita,
1753 1327 1857 1371 quo
1877 1319 2051 1360 totum
2072 1316 2480 1362 Instrumentum

274 1395 494 1438 firmum
514 1395 587 1447 fit,
611 1394 651 1436 δι
672 1394 1139 1438 Observationibus
1158 1395 1427 1438 idoneum.

348 1471 520 1516 USUS
542 1472 653 1528 ejus
673 1471 743 1515 est
763 1471 855 1528 (uti
870 1471 995 1529 dixi)
1014 1472 1066 1514 in
1082 1471 1375 1515 minoribus
1389 1470 1639 1527 distantijs
1654 1472 1942 1516 commode
1957 1471 2310 1524 dimetiendis;
2333 1473 2479 1528 liqui-

275 1550 397 1594 dem
418 1550 470 1593 in
490 1549 723 1592 sextante
743 1549 827 1605 (de
848 1561 953 1603 quo
974 1548 1172 1606 postea)
1192 1548 1281 1604 qui
1301 1549 1435 1593 duos
1453 1548 1614 1592 etiam
1629 1548 2010 1593 observatores
2029 1549 2262 1604 requirit,
2283 1549 2337 1593 id
2357 1552 2478 1605 apte

272 1626 508 1683 praestari
522 1629 766 1682 nequeat,
789 1626 857 1670 ob
873 1626 1109 1682 capitum
1124 1623 1566 1682 conjunctionem,
1589 1637 1710 1681 quae
1725 1626 2046 1670 conveniens
2060 1626 2284 1682 spatium
2299 1627 2475 1683 exigit:

273 1705 395 1749 licet
408 1705 449 1748 ἃ
464 1704 566 1748 alio
589 1703 824 1758 quodam
845 1703 1023 1747 medio
1043 1703 1165 1746 huic
1186 1703 1533 1748 incommodo
1555 1703 1972 1748 subvenerimus:
1996 1704 2075 1748 De
2091 1715 2196 1759 quo
2211 1704 2475 1761 deinceps.

272 1782 341 1825 Vt
359 1793 488 1826 vero
514 1780 934 1837 intercapedines
955 1781 1199 1834 siderum,
1227 1793 1348 1836 quae
1370 1780 1745 1825 duodecimam
1767 1781 1950 1826 circuli
1972 1784 2182 1837 partem
2202 1793 2309 1826 non
2329 1794 2478 1827 exce-

273 1860 417 1912 dunt,
446 1860 550 1903 hoc
572 1858 785 1915 Organo
812 1860 1143 1911 denotentur,
1170 1859 1348 1902 firmet
1373 1871 1508 1902 unus
1529 1858 1852 1903 Observator
1876 1859 2237 1914 pinnacidium
2263 1859 2405 1916 apud
2429 1860 2476 1904 K

272 1938 355 1981 vel
382 1938 420 1989 Ι,
450 1939 608 1992 prout
636 1936 872 1980 maxime
902 1936 1224 1982 conveniens
1251 1936 1429 1980 fuerit:
1462 1936 1503 1979 ἃ
1533 1937 1666 1980 alter
1692 1936 1746 1979 id
1776 1937 1918 1991 quod
1947 1937 2222 1980 firmatum
2250 1949 2359 1981 non
2387 1936 2473 1990 est,

270 2015 450 2058 trahat
468 2015 521 2057 in
540 2014 790 2058 ulteriore
810 2013 991 2066 limbo,
1020 2014 1190 2058 donec
1212 2014 1281 2057 fic
1302 2013 1481 2066 ambo,
1510 2013 1660 2057 binas
1682 2025 1813 2068 quas
1836 2014 2112 2066 rimantur,
2142 2014 2311 2058 stellas
2332 2014 2475 2059 circa

271 2092 309 2135 B
329 2092 370 2135 ἃ
390 2092 435 2134 Α
456 2091 732 2146 Cylindros
758 2091 1001 2145 utrinque
1028 2091 1414 2146 conspexerint3
1447 2091 1682 2146 quolibet
1707 2092 1776 2134 ad
1803 2091 1953 2134 suum
1980 2091 2288 2146 cylindrum
2313 2091 2367 2135 in
2392 2103 2476 2136 ea-

271 2170 394 2214 dem
426 2172 576 2224 parte
609 2169 935 2212 attendente:
974 2168 1015 2211 &
1050 2168 1383 2212 numeranda
1415 2168 1485 2212 est
1516 2168 1570 2212 in
1600 2168 1848 2212 inferiore
1883 2168 2048 2213 limbo
2082 2168 2321 2213 distantia
2353 2181 2474 2224 quae

271 2247 625 2301 quaerebatur,
665 2246 718 2288 in
750 2246 1014 2289 Gradibus
1053 2249 1211 2300 atque
1248 2245 1463 2289 minutis
1499 2245 1932 2290 transversalibus
1963 2246 2115 2302 Juxta
2154 2246 2475 2291 conveniens

270 2323 645 2379 pinnacidium.
675 2323 728 2366 Si
746 2334 876 2367 vero
903 2323 1065 2367 ambo
1091 2326 1354 2379 utrunque
1381 2323 1724 2375 distraxerint,
1753 2323 1869 2379 pari
1893 2324 2057 2368 modo
2082 2324 2274 2379 poterit
2297 2323 2473 2367 adhuc

271 2402 444 2457 major
462 2401 821 2456 intercapedo,
851 2412 972 2455 quae
991 2403 1175 2444 tamen
1195 2400 1417 2444 limitem
1437 2401 1804 2455 praescriptum
1823 2412 1931 2445 non
1952 2401 2192 2453 excedat,
2218 2400 2471 2445 constare.

270 2476 661 2522 Consectarium
692 2477 846 2533 igitur
877 2478 1069 2530 evadit,
1104 2478 1247 2532 quod
1278 2477 1369 2521 ubi
1402 2477 1564 2522 ambo
1594 2478 1975 2522 observatores
2003 2481 2266 2533 utrunque
2295 2478 2475 2533 pinna-

270 2555 468 2599 cidium
482 2555 635 2611 Juxta
654 2555 823 2610 ipsum
842 2555 1048 2598 initium
1068 2555 1411 2607 Divisionum,
1434 2555 1577 2609 quod
1598 2555 1669 2599 est
1691 2556 1833 2610 apud
1854 2556 1900 2598 K
1921 2556 1962 2599 ἃ
1983 2555 2021 2608 Ι,
2049 2554 2404 2610 disposuerint,
2431 2556 2473 2598 ἃ

270 2634 337 2676 sic
367 2633 611 2687 utrinque
639 2644 735 2687 per
764 2632 1040 2687 Cylindros
1070 2632 1360 2676 anteriores
1389 2633 1479 2675 AB
1509 2632 1926 2676 collimationem
1957 2632 2279 2684 instituerint,
2312 2633 2385 2676 ita
2416 2636 2474 2676 ut

270 2709 485 2764 quilibet
504 2709 656 2753 suum
675 2709 932 2764 respiciat,
955 2709 1022 2753 ab
1044 2709 1236 2752 eadem
1255 2712 1406 2764 parte
1425 2710 1598 2764 longae
1616 2710 1824 2765 Regulae
1845 2709 2162 2764 dispositum,
2185 2710 2327 2764 quod
2346 2713 2472 2754 tunc

270 2788 498 2830 eandem
521 2787 722 2830 stellam
749 2786 1047 2838 collineent;
1077 2785 1331 2841 siquidem
1356 2787 1677 2840 paralleliter
1695 2787 1864 2830 visum
1887 2787 2124 2842 dirigant.
2152 2787 2323 2842 Atque
2349 2787 2471 2831 hinc

2530 708 2552 742 5

2535 1091 2576 1127 10

2531 1478 2574 1514 15

2523 2252 2569 2287 25

2522 2637 2568 2673 30

269 2864 434 2918 potest
466 2863 733 2918 explorari
763 2863 1094 2907 Instrumenti
1126 2863 1403 2915 certitudo,
1438 2876 1508 2907 an
1538 2863 1635 2907 rite
1665 2864 1715 2907 se
1744 2864 1942 2908 habeat
1972 2875 2070 2907 nec
2100 2875 2181 2907 ne.
2216 2864 2312 2908 Etsi
2341 2875 2471 2908 vero
2527 2875 2529 2877 ·

269 2940 424 2996 hujus
439 2940 770 2984 Instrumenti
783 2940 1014 2984 fulcrum
1028 2940 1132 2983 five
1148 2940 1411 2995 pedestale
1431 2941 1552 2984 satis
1573 2942 1940 2994 commodum,
1962 2941 2004 2984 ἃ
2023 2941 2198 2985 usibus
2217 2941 2471 2996 requisitis

271 3021 456 3072 aptum
482 3019 561 3069 fit;
587 3021 771 3061 tamen
797 3018 964 3061 altera
989 3017 1142 3070 ratio,
1170 3029 1292 3072 quae
1317 3017 1370 3060 in
1395 3018 1610 3073 globoso
1636 3018 1696 3061 fit
1721 3029 1948 3073 corpore
1973 3018 2058 3075 (de
2085 3020 2188 3073 qua
2214 3018 2393 3073 postea
2418 3018 2471 3061 in

270 3094 531 3138 Sextantis
560 3095 880 3149 expositione
910 3094 1167 3152 dicemus)
1196 3095 1371 3138 adhuc
1401 3095 1628 3139 habilior
1653 3095 1739 3147 est,
1770 3096 1812 3139 8ι
1840 3095 1992 3139 citius
2020 3094 2073 3138 in
2101 3096 2320 3150 planum
2347 3107 2471 3150 qua-

269 3172 470 3214 rumvis
497 3171 762 3215 stellarum
788 3171 1197 3215 Instrumentum
1225 3171 1373 3227 dirigi
1402 3172 1660 3216 concedit.
1692 3173 1796 3216 Sed
1821 3172 2052 3216 varietas
2079 3175 2262 3216 tamen
2290 3172 2343 3215 in
2373 3171 2467 3223 his,

269 3258 376 3290 non
397 3247 564 3290 solum
585 3247 824 3300 delectat,
848 3248 934 3291 sed
954 3249 996 3292 ἃ
1016 3248 1164 3292 suam
1184 3248 1347 3292 habet
1365 3249 1659 3293 utilitatem.

342 3323 459 3367 Hoc
482 3324 829 3369 Instrumento
850 3325 1123 3380 exploravi
1147 3325 1467 3381 potissimum
1488 3326 1753 3370 stellarum
1772 3327 1825 3370 in
1845 3326 2130 3381 Cassiopaea
2153 3327 2221 3369 ad
2240 3325 2469 3369 invicem

2151 3405 2468 3466 distantias;

2519 3023 2565 3058 35
