2644 3978
254 264 359 315 338
787 263 1479 316 ANNOTATIONES
1507 262 1912 315 EDITORIS

254 404 352 446 bus
378 402 782 457 diligentissimis
809 414 900 446 eas
926 403 1018 446 niti
1043 406 1244 458 pateat;
1271 402 1315 446 si
1335 415 1463 447 vero
1486 415 1609 447 cum
1634 403 1826 446 tabulis
1848 402 2047 446 recenti
2068 406 2310 457 tempore
2331 413 2452 446 con-

252 474 404 517 fectis
437 477 831 528 comparantur,
870 474 1083 528 copiam
1114 486 1295 517 rerum
1329 474 1669 525 minutarum,
1710 486 1830 528 quae
1863 473 1915 516 in
1946 474 2129 517 tabula
2160 473 2451 528 provinciae

252 543 545 599 NordtJord
563 545 832 600 praecipue
853 545 1215 597 ostenduntur,
1238 557 1450 590 summo
1471 546 1644 589 studio
1667 557 1730 589 ac
1752 544 2017 599 diligentia
2032 544 2323 588 conflatam
2338 555 2452 588 esse

254 619 489 671 apparet.
514 616 654 659 Inter
671 615 846 671 prima
866 617 1112 671 exempla
1131 619 1253 660 sunt
1270 617 1576 660 tabularum
1589 627 1732 660 nova
1746 615 1967 668 ratione,
1990 627 2111 670 quae
2126 628 2158 658 a
2171 615 2276 659 fine
2290 615 2454 659 seculi

252 687 368 730 XVI
382 687 585 730 initium
597 687 750 742 cepit,
767 687 1135 731 confectarum
1146 700 1157 739 ;
1173 699 1271 731 nos
1283 690 1463 731 autem
1474 688 1772 743 intellegere
1784 687 2014 730 delectat
2025 678 2252 730 eandem
2263 697 2452 730 curam

254 770 318 802 ac
340 758 676 814 diligentiam,
699 771 861 813 quam
883 759 952 801 ad
972 758 1373 803 observationes
1391 758 1780 802 astronomicas
1793 757 2032 812 Tychoni
2047 757 2287 801 adhiberi
2302 768 2454 812 opor-

251 834 362 874 tere
384 830 717 882 constitisset,
740 829 901 873 etiam
922 830 991 873 ad
1009 830 1220 873 tabulas
1240 829 1635 885 geographicas,
1658 841 1778 884 quae
1794 840 1858 872 eo
1876 829 2190 873 moderante
2211 827 2454 872 conficie-

253 902 460 953 bantur,
489 900 783 944 adhibitam
809 912 940 952 esse,
969 913 1298 955 quamquam
1318 901 1557 956 regiones
1577 901 1630 944 in
1648 900 1841 944 tabulis
1862 899 2155 955 descriptas
2175 899 2286 954 ipse
2305 911 2454 943 num-

254 985 416 1027 quam
437 971 655 1016 adierat.

322 1043 533 1087 Tabulis
546 1054 676 1087 vero
691 1043 879 1087 Daniae
895 1046 946 1087 et
961 1043 1240 1098 Norvegiae
1255 1055 1467 1087 summo
1485 1043 1658 1087 studio
1673 1043 1985 1098 Tychonem
2005 1054 2227 1097 operam
2247 1041 2454 1085 dedisse

254 1115 462 1158 aliunde
483 1114 644 1158 etiam
664 1115 817 1158 nobis
835 1118 1022 1158 notum
1043 1118 1136 1158 est.
1160 1114 1300 1157 Nam
1321 1115 1370 1157 d.
1397 1114 1444 1156 11
1471 1127 1540 1157 m.
1557 1114 1696 1169 Sept.
1714 1126 1761 1157 a.
1782 1114 1894 1157 1585
1914 1113 2317 1158 bibliothecario
2338 1123 2452 1164 suo,

254 1185 342 1240 qui
355 1186 408 1228 in
422 1197 547 1229 arce
562 1186 853 1230 Hauniensi
867 1186 1203 1230 bibliothecae
1217 1188 1463 1240 praeerat,
1487 1186 1593 1228 Rex
1606 1185 1902 1240 imperavit,
1917 1189 1975 1228 ut
1988 1184 2228 1240 Tychoni
2241 1186 2454 1227 mutuas

251 1260 531 1311 praestaret
559 1260 663 1301 »tot
689 1257 904 1301 chartas
931 1256 1400 1311 cosmographicas
1426 1256 1537 1299 sive
1564 1268 1805 1311 mappas,
1835 1260 1963 1310 quot
1988 1256 2041 1299 in
2066 1259 2249 1299 nostra
2275 1254 2456 1299 biblio-

251 1329 425 1380 theca,
458 1328 560 1372 illic
589 1329 643 1371 in
673 1340 797 1372 arce
825 1331 1009 1372 nostra
1040 1327 1346 1379 Hauniensi,
1380 1326 1599 1382 reperiri
1627 1330 1863 1381 possunt,
1898 1339 2020 1381 quae
2049 1330 2170 1370 sunt
2198 1327 2265 1370 de
2293 1336 2454 1381 regno

251 1402 433 1443 nostro
455 1399 628 1443 Dania
647 1400 732 1443 vel
754 1399 1017 1455 Norvegia
1037 1400 1122 1442 vel
1143 1399 1257 1442 aliis
1278 1398 1549 1453 quibusvis
1569 1397 1868 1453 regionibus
1888 1397 2126 1442 nostris«.

868 1565 905 1607 I.
945 1565 1217 1609 TABULA
1244 1563 1525 1607 INSULAE
1553 1563 1836 1608 HUENAE.

323 1649 457 1692 Haec
477 1648 675 1700 tabula,
704 1660 868 1702 quam
893 1649 1010 1703 plus
1031 1660 1195 1702 quam
1215 1647 1432 1691 dimidia
1452 1650 1603 1702 parte
1623 1647 1765 1702 ,iusto
1792 1647 2056 1691 minorem
2081 1646 2453 1702 expressimus,

250 1720 363 1772 illis,
394 1732 514 1774 quae
534 1719 588 1762 in
607 1718 874 1774 Epistolis
895 1717 1282 1763 astronomicis
1306 1718 1453 1775 (tom.
1475 1718 1546 1761 VI
1566 1730 1615 1773 p.
1637 1717 1744 1776 295)
1764 1719 1887 1762 etin
1905 1716 2254 1761 Mechanicis
2276 1716 2454 1775 (supra

250 1803 299 1846 p.
327 1790 427 1848 150)
447 1791 729 1845 descriptae
749 1793 885 1843 sunt,
913 1792 1073 1834 aetate
1092 1790 1237 1845 prior
1257 1793 1350 1833 est.
1383 1789 1500 1833 Hac
1524 1792 1705 1833 autem
1723 1789 1816 1832 niti
1835 1790 2043 1833 videtur
2061 1789 2165 1841 illa,
2189 1801 2350 1844 quam
2371 1789 2455 1832 de·

251 1862 457 1917 scripsit
478 1862 733 1905 Braunius
752 1862 805 1905 in
826 1860 1082 1905 »Theatri
1102 1859 1340 1904 urbium«
1362 1864 1492 1905 tom.
1516 1861 1586 1904 IV
1606 1861 1695 1905 fol.
1717 1861 1775 1904 27
1794 1861 2046 1918 (Coloniae
2071 1860 2222 1918 1586);
2244 1860 2298 1903 in
2316 1862 2456 1903 utra-

251 1945 353 1987 que
367 1934 486 1977 litus
500 1933 814 1988 pravissime
829 1933 1097 1988 depictum
1113 1936 1206 1976 est.
1230 1933 1374 1976 Sicut
1392 1933 1446 1975 in
1466 1945 1660 1987 magna
1679 1932 1768 1975 illa
1785 1931 2154 1987 descriptione,
2177 1943 2297 1986 quae
2314 1941 2454 1974 nunc

252 2004 522 2059 Marpurgi
547 2008 852 2048 asservatur
876 2004 1024 2061 (torn.
1040 2004 1111 2047 VI
1132 2016 1180 2059 p.
1202 2003 1323 2061 349),
1351 2004 1510 2055 valla,
1539 2016 1659 2058 quae
1682 2003 2078 2058 Uraniburgum
2104 2002 2453 2054 circumdant,

250 2075 415 2119 lineas
440 2077 597 2130 plane
622 2078 797 2119 rectas
824 2075 1075 2128 efficiunt,
1105 2076 1247 2130 quod
1276 2075 1403 2119 satis
1433 2075 1660 2118 ostendit
1689 2078 1983 2118 structuras
2011 2074 2127 2117 illas
2155 2072 2456 2117 semicircu-

250 2148 388 2190 lares
414 2148 467 2190 in
492 2147 670 2191 medio
694 2148 958 2190 vallorum
984 2147 1201 2201 positas,
1230 2159 1351 2202 quae
1376 2146 1429 2189 in
1456 2146 1896 2200 descriptionibus
1917 2158 1949 2189 a
1967 2145 2220 2200 Tychone
2245 2144 2454 2199 publice

250 2218 400 2262 editis
431 2221 703 2274 apparent,
737 2221 858 2274 post
887 2231 934 2262 a.
970 2218 1083 2261 1585
1113 2218 1387 2262 confectas
1417 2228 1547 2262 esse.
1583 2217 1786 2261 Desunt
1814 2217 1976 2261 etiam
2005 2216 2239 2271 piscinae,
2274 2227 2456 2270 quam-

251 2301 414 2343 quam
433 2302 540 2333 una
561 2301 748 2333 earum
761 2290 877 2346 jam
897 2302 944 2333 a.
971 2290 1082 2333 1577
1103 2291 1564 2334 commemoratur
1582 2288 1729 2346 (tom.
1752 2288 1824 2340 IV
1842 2300 1891 2343 p.
1913 2287 2028 2344 5,1s).

760 2456 821 2499 11.
862 2455 1399 2500 OBSERVATIONES
1427 2454 1942 2499 GEOGRAPHICAE.

324 2539 424 2582 Hae
446 2539 846 2583 observationes
871 2539 1172 2583 rudissimae
1199 2539 1597 2582 azimuthorum
1616 2539 1701 2582 vel
1722 2538 2141 2581 differentiarum
2162 2537 2454 2580 azimutho-

252 2622 372 2653 rum
398 2610 670 2653 variarum
697 2622 876 2654 rerum
904 2610 1316 2665 conspicuarum
1339 2610 1674 2665 Uraniburgo
1702 2612 1754 2653 et
1779 2621 1845 2653 ex
1872 2609 1985 2653 aliis
2011 2608 2158 2660 locis,
2186 2620 2307 2663 quae
2333 2608 2453 2651 inde

251 2681 487 2736 conspici
514 2684 775 2736 poterant,
807 2685 981 2737 captae
1012 2693 1199 2726 omnes
1227 2693 1323 2736 per
1355 2681 1617 2724 »radium«
1650 2681 1811 2725 factae
1840 2692 1956 2724 esse
1981 2679 2240 2732 videntur,
2272 2691 2454 2734 quam-

253 2765 416 2807 quam
432 2752 701 2796 rarissime
718 2756 925 2796 tantum
943 2753 1046 2796 hoc
1064 2752 1347 2805 indicatur3
1370 2764 1541 2807 neque
1555 2752 1730 2807 ipsum
1742 2752 2053 2807 Tychonem
2067 2762 2158 2795 eas
2173 2750 2454 2794 instituisse

251 2823 363 2867 veri
382 2823 551 2867 simile
571 2826 664 2866 est.
688 2825 760 2867 Eo
782 2827 963 2868 autem
983 2824 1203 2868 consilio
1224 2823 1384 2867 factae
1404 2826 1540 2876 sunt,
1561 2827 1619 2866 ut
1637 2823 1836 2867 tabulae
1856 2822 2225 2878 geographicae
2247 2821 2453 2865 Hvenae

253 2906 316 2937 ac
337 2894 457 2938 freti
475 2894 706 2947 litorum,
729 2907 850 2949 quae
864 2906 949 2938 res
965 2906 1176 2950 quoque
1190 2895 1421 2938 minutas
1435 2894 1739 2949 explicaret,
1762 2894 2110 2938 conficiendae
2124 2893 2450 2937 inservirent.

253 2965 594 3008 Inveniuntur
612 2966 881 3020 pleraeque
901 2967 954 3009 in
974 2977 1038 3010 eo
1060 2966 1245 3009 codice
1263 2965 1444 3023 (quem
1465 2965 1637 3009 littera
1658 2966 1696 3008 Β
1715 2965 2072 3022 signavimus),
2099 2964 2187 3019 qui
2208 2964 2453 3007 observa-

250 3036 420 3079 tiones
441 3036 673 3080 continet
693 3048 956 3080 annorum
981 3036 1286 3090 1577—1581,
1308 3037 1400 3080 ubi
1418 3040 1537 3092 post
1560 3037 1807 3080 »Librum
1828 3036 2198 3079 distantiarum
2219 3035 2286 3077 ab
2307 3034 2452 3077 initio

253 3107 377 3150 anni
400 3107 537 3150 1578«
561 3108 773 3151 insertae
792 3111 933 3161 sunt;
958 3108 1053 3152 sed
1073 3119 1199 3151 cum
1218 3108 1304 3151 hic
1326 3108 1498 3152 codex
1517 3108 1589 3151 ita
1609 3107 1885 3152 confectus
1905 3107 1985 3159 sit,
2007 3110 2064 3150 ut
2084 3106 2283 3160 aliquot
2300 3106 2453 3149 fasci-

252 3177 357 3221 culi
375 3178 608 3222 minores
628 3179 785 3222 simul
805 3179 1013 3223 consuti
1031 3179 1148 3231 sint,
1174 3191 1345 3234 neque
1366 3191 1629 3223 annorum
1649 3179 1811 3223 series
1831 3181 2043 3222 servata
2064 3178 2129 3221 sit
2147 3177 2233 3235 (cf.
2255 3180 2383 3220 tom.
2406 3176 2451 3219 X

251 3261 301 3303 p.
323 3249 441 3292 XIII
461 3249 575 3307 sq.),
602 3250 754 3294 nobis
781 3261 888 3294 non
913 3250 1034 3294 licet
1058 3249 1310 3303 indicare,
1339 3262 1444 3305 quo
1470 3253 1713 3305 tempore
1738 3250 1842 3293 illae
1867 3248 2266 3293 observationes
2291 3247 2451 3291 factae

252 3320 368 3371 sint,
391 3320 488 3363 nisi
509 3322 651 3374 quod
672 3333 718 3364 a.
747 3320 858 3364 1578
877 3322 959 3364 vel
986 3320 1098 3364 1579
1119 3320 1289 3364 factas
1309 3333 1401 3364 eas
1422 3333 1543 3375 esse=
1557 3321 1669 3364 veri
1690 3321 1858 3364 sImile
1879 3324 1970 3364 est.
2012 3321 2199 3363 Paucae
2219 3322 2402 3362 tamen
2422 3330 2451 3362 e
