2638 3952
80 1158 122 1194 10

82 1545 123 1580 15

387 319 998 374 ASTRONOMIAE
1025 320 1591 374 INSTAURATAE
1618 323 2167 378 MECHANICA
2303 328 2372 379 47

173 459 468 503 maximam
488 459 891 514 exquirendam:
914 460 1034 505 licet
1052 460 1276 515 idipsum
1295 473 1403 505 non
1424 461 1544 505 satis
1565 462 1814 507 subtiliter
1830 474 2000 518 neque
2015 464 2373 508 universaliter

174 537 431 581 assecutus
452 536 531 588 fit3
552 536 715 579 veluti
733 540 879 591 patet
898 548 965 581 ex
983 537 1060 594 ijs,
1082 548 1204 592 quae
1224 549 1322 582 nos
1339 538 1868 594 Progymnasmatum
1883 540 2037 595 supra
2051 540 2190 585 dicto
2204 542 2372 586 Tomo

174 625 291 669 cap.
316 613 355 656 1.
377 612 522 657 circa
543 613 710 657 Lunae
730 613 960 658 orbitam
982 613 1035 657 in
1058 615 1351 669 appendice
1378 616 1613 670 quadam
1638 615 1969 661 restituimus.
1999 618 2102 662 Ubi
2128 630 2194 662 ex
2221 630 2373 663 accu-

172 690 300 734 ratis
320 690 773 734 observationibus
791 690 1083 735 indicatum
1108 691 1195 744 est,
1223 692 1552 736 latitudinem
1574 693 1741 737 Lunae
1767 693 2082 747 maximam,
2111 707 2231 750 quae
2252 707 2374 741 con-

171 767 317 823 tingit
341 767 395 811 in
419 767 728 823 pleniluniis,
755 778 863 811 non
889 769 1118 812 eandem
1143 768 1258 821 esse,
1289 781 1410 824 quae
1435 770 1488 813 in
1515 769 1885 823 Quadraturis3
1913 771 2133 815 notabili
2157 773 2373 818 interce-

172 845 328 889 dente
354 844 667 896 differentia,
694 847 893 899 utpote,
922 857 1043 900 quae
1069 846 1283 890 tertiam
1310 846 1518 890 Gradus
1544 850 1751 902 partem
1779 848 2018 904 attingat:
2046 853 2204 904 prout
2228 850 2372 894 isthic

171 922 326 966 latius
338 933 435 977 per
447 921 565 965 suas
580 921 999 966 circumstantias
1011 923 1051 966 8ι
1065 924 1371 968 occasiones
1381 924 1562 968 videre
1577 924 1662 968 est.
1678 926 1910 980 Angulus
1925 929 2104 969 autem
2119 926 2373 971 distantiae

171 1011 202 1042 a
232 998 431 1042 vertice
460 997 596 1042 FDE
628 998 815 1042 haberi
843 999 1010 1054 potest
1039 1011 1105 1043 ex
1132 1000 1346 1045 Canone
1374 1001 1628 1046 foecundo
1662 1006 1754 1046 aut
1781 1003 1942 1046 etiam
1972 1003 2191 1046 Sinuum
2222 1004 2374 1048 inter-

169 1075 524 1120 mediantibus
549 1075 787 1130 partibus
814 1075 910 1119 FE.
940 1077 1147 1121 Dantur
1173 1078 1315 1121 enim
1334 1079 1388 1121 in
1406 1078 1685 1134 Triangulo
1707 1079 1813 1123 duo
1834 1080 2063 1134 aequalia
2089 1081 2255 1124 latera
2282 1082 2372 1125 FD

170 1153 212 1197 ἃ
231 1153 341 1196 ED.
363 1153 596 1196 Tertium
614 1163 744 1196 vero
765 1153 846 1195 FE
868 1153 922 1196 in
944 1155 1125 1210 regula
1151 1155 1387 1210 longiore
1412 1154 1626 1210 peracta
1654 1156 2021 1200 observatione
2046 1162 2370 1204 numeratur.

170 1230 348 1282 Quare
369 1230 590 1284 angulus
610 1229 748 1272 FDE
768 1230 932 1274 latere
952 1242 1061 1275 non
1079 1232 1261 1287 potest,
1284 1232 1372 1287 qui
1391 1233 1747 1276 remotionem
1763 1233 1958 1278 Sideris
1976 1247 2007 1277 a
2025 1235 2207 1278 Zenith
2228 1236 2374 1279 meti-

169 1310 269 1350 tur.
298 1307 418 1363 Ejus
441 1317 570 1351 vero
598 1307 1051 1362 complementum
1073 1309 1142 1352 ad
1162 1309 1527 1361 Quadrantem
1554 1310 1625 1354 est
1651 1310 1871 1355 altitudo
1900 1312 2130 1366 quaefita.
2161 1312 2374 1357 Habent

170 1384 258 1428 hae
279 1384 487 1439 Regulae
514 1384 555 1427 ἃ
581 1383 686 1428 hoc
713 1385 1126 1439 commoditatis,
1154 1389 1212 1429 ut
1237 1386 1380 1430 facili
1403 1387 1613 1442 negotio
1640 1387 1829 1431 resolvi
1855 1388 1895 1430 81
1922 1389 2230 1444 complicari
2253 1402 2373 1444 que-

174 1464 279 1513 ant,
302 1464 460 1516 atque
479 1461 533 1504 in
553 1461 755 1515 quaevis
774 1463 895 1506 loca
914 1463 1274 1518 transportari.
1290 1463 1507 1516 Verum,
1528 1467 1586 1507 ut
1605 1464 1784 1508 dicam
1802 1464 1856 1507 id
1877 1466 2020 1519 quod
2040 1477 2125 1509 res
2142 1466 2227 1519 est,
2251 1479 2371 1510 eam

231 1537 597 1593 praecifionem
617 1538 658 1581 81
678 1539 1047 1583 certitudinem
1074 1541 1195 1584 fatis
1221 1540 1519 1585 constanter
1541 1553 1648 1586 non
1673 1542 1930 1597 praebent,
1959 1543 2312 1599 qualicunque

288 1615 506 1659 tandem
521 1614 783 1671 diligentia
798 1617 1104 1671 elaboratae,
1121 1630 1188 1672 qu
1195 1629 1285 1661 am
1300 1617 1635 1670 Quadrantes
1650 1618 1912 1663 antedicti.
1933 1619 2253 1665 Difficillime

349 1692 490 1736 enim
516 1693 723 1748 Regulae
751 1693 906 1738 lineae
934 1693 1095 1738 redtae
1125 1695 1365 1739 amussim
1395 1695 1484 1738 diu
1514 1695 1752 1740 retinent.
1785 1697 1846 1740 Et
1870 1697 1906 1739 fi
1932 1697 2193 1752 longiores

406 1769 614 1821 fuerint,
637 1770 728 1814 suo
747 1772 983 1826 pondere
1004 1773 1054 1816 se
1070 1771 1191 1816 inde
1208 1772 1480 1816 reclinant.
1503 1772 1591 1815 Sin
1611 1773 1897 1826 breviores,
1918 1773 1970 1816 id
1992 1774 2134 1828 quod

787 1848 1100 1903 pollicentur
1119 1849 1208 1892 sua
1228 1849 1490 1904 parvitate
1509 1850 1759 1904 praestare

1128 1930 1410 1980 nequeunt.

1754 3469 2362 3520 PARALLATICVM
