2638 3952
91 1036 133 1071 10

90 1392 132 1427 15

85 2105 132 2139 25

84 2816 131 2851 35

392 249 1003 303 ASTRONOMIAE
1030 247 1595 304 INSTAURATAE
1621 250 2170 305 MECHANICA
2291 254 2383 307 155

255 388 422 432 VSVS
437 389 508 433 est
520 389 573 432 in
588 389 946 434 altitudinibus
962 391 1187 434 siderum
1203 389 1488 446 capiendis,
1504 392 1561 432 ut
1577 389 1778 433 sublata
1792 391 1875 433 vel
1891 391 2124 445 depressa
2143 392 2333 447 Regula
2347 394 2383 445 I,

184 461 356 504 donec
383 460 526 504 stella
551 472 647 515 per
670 461 919 504 rimulam
941 462 1002 504 D.
1019 462 1078 504 A.
1102 465 1350 506 cernatur
1369 462 1422 505 in
1442 461 1606 504 latere
1628 461 1841 504 alterius
1861 461 2139 518 Pinnacidij
2162 464 2221 506 A.
2239 465 2290 506 E.
2315 468 2387 507 at-

186 542 288 586 que
305 532 498 575 eodem
517 531 723 575 instanti
740 533 1053 576 tantundem
1075 544 1286 587 quoque
1307 534 1373 576 de
1393 545 1457 576 ea
1477 531 1722 575 videatur
1735 544 1829 586 per
1843 532 2091 575 rimulam
2108 534 2159 577 B.
2172 535 2223 576 C.
2235 535 2386 589 juxta

184 602 326 645 aliud
346 603 484 646 latus
499 602 558 646 G.
569 602 619 646 F.
638 606 763 646 tunc
785 602 928 646 enim
947 615 1055 648 non
1075 604 1294 647 dubium
1315 604 1401 657 est,
1424 604 1715 648 centralem
1731 604 1772 646 δι
1786 602 2030 647 exactam
2052 604 2207 658 ipfius
2229 606 2385 650 stellae

183 670 384 716 factam
410 673 508 717 esse
535 674 967 718 collimationem.
996 674 1050 717 Si
1068 686 1197 719 vero
1223 675 1510 719 Azimutha
1530 687 1637 718 una
1658 674 1895 718 obtinere
1915 675 2075 726 lubet,
2107 688 2201 730 per
2227 677 2386 720 aliam

182 743 431 787 rimulam
445 745 597 800 juxta
618 746 670 788 C.
683 745 745 788 D.
769 746 838 788 ad
856 746 994 789 latus
1014 746 1246 790 anterius
1262 747 1321 790 G.
1334 746 1399 791 H.
1421 746 1491 790 est
1512 746 1908 797 attendendum,
1931 746 1971 789 ἃ
1991 758 2096 789 una
2117 758 2212 801 per
2230 748 2387 791 rimu-

182 815 292 858 lam
307 815 366 858 G.
379 815 444 858 H.
463 816 604 871 apud
626 817 850 859 alteram
871 816 920 860 F.
933 817 984 860 E.
1009 820 1168 872 atque
1189 818 1256 861 fic
1278 818 1330 860 in
1351 817 1503 861 stellis
1522 816 1904 872 promptissima
1924 817 2198 860 instituitur
2219 819 2388 862 obser-

182 886 342 930 vatio.
373 886 432 929 In
452 887 573 931 Sole
600 890 780 931 autem
806 899 901 942 per
926 887 1171 932 foramen
1196 890 1486 933 rotundum
1515 888 1793 943 superioris
1812 888 2092 944 Pinnacidij
2118 889 2387 934 intromissi

182 957 312 1014 radij
330 957 396 1001 ab
411 957 647 1002 interiori
663 961 815 1013 parte
828 958 1089 1003 inferioris
1103 960 1291 1004 orbem
1306 960 1574 1014 quendam
1589 959 1734 1003 isthic
1750 959 2090 1015 designatum,
2112 972 2209 1015 pro
2229 974 2389 1015 quan-

180 1028 329 1073 titate
349 1029 577 1081 luminis,
600 1030 743 1084 quod
762 1042 858 1085 per
875 1030 1003 1073 illud
1023 1030 1268 1074 foramen
1288 1031 1375 1074 Sol
1397 1031 1576 1083 efficit,
1598 1031 1936 1085 undiquaque
1958 1033 2300 1086 complentes,
2323 1045 2386 1076 ea

183 1111 304 1154 quae
317 1099 650 1155 inquiruntur
663 1101 919 1156 praebent.
937 1101 1244 1146 Notandum
1259 1103 1467 1158 insuper
1482 1103 1624 1157 quod
1638 1103 1692 1145 in
1706 1102 2019 1157 quibusdam
2031 1103 2387 1148 Instrumentis

181 1171 308 1214 illud
324 1171 700 1224 Pinnacidium‚
724 1172 867 1227 quod
882 1172 950 1216 ab
966 1174 1123 1217 oculo
1144 1177 1415 1218 remotum
1436 1174 1521 1225 est,
1545 1173 1844 1228 Cylindrica
1865 1174 2067 1218 constat
2085 1174 2278 1227 forma,
2302 1177 2388 1219 fic-

182 1253 284 1297 que
303 1254 388 1286 res
408 1243 600 1286 eodem
619 1243 769 1295 redit,
791 1243 882 1286 nisi
898 1244 1041 1298 quod
1057 1244 1110 1287 in
1124 1245 1245 1289 Sole
1259 1245 1453 1288 umbra
1467 1245 1700 1300 Cylindri
1720 1245 2195 1289 animadvertenda
2216 1247 2294 1299 fit3
2318 1248 2385 1291 fic

180 1313 342 1357 etiam
361 1313 414 1356 in
435 1314 652 1357 armillis
674 1326 831 1358 axem
853 1315 1123 1370 quendam
1134 1318 1358 1360 teretem
1374 1316 1721 1371 applicamus,
1743 1319 1800 1359 ut
1815 1316 1958 1360 circa
1972 1317 2139 1372 ipsum
2153 1318 2383 1373 undique

180 1384 296 1427 fieri
314 1384 462 1439 possit
479 1385 789 1437 collimatio;
813 1386 1012 1430 habent
1025 1387 1168 1430 enim
1183 1388 1224 1430 81
1239 1387 1471 1443 Cylindri
1484 1388 1526 1431 81
1541 1399 1668 1430 axes
1682 1391 1874 1432 teretes
1887 1388 1940 1431 id
1955 1389 2223 1444 praecipue
2239 1401 2382 1434 com-

180 1455 343 1507 modi,
360 1456 502 1510 quod
516 1467 623 1500 non
638 1457 822 1501 saltem
835 1458 925 1500 uni
940 1458 1027 1501 sed
1041 1459 1249 1503 duobus
1263 1459 1425 1502 etiam
1439 1459 1867 1503 observatoribus
1883 1459 2155 1504 sufficiant.
2179 1461 2383 1504 Caetera

180 1527 349 1582 figura
368 1527 493 1582 ipsa,
514 1529 598 1571 vel
619 1528 794 1583 potius
814 1529 1285 1574 Instrumentorum
1304 1531 1491 1574 talium
1512 1530 1820 1575 exercitatio
1840 1532 2043 1586 plenius
2063 1532 2320 1576 edocebit.

254 1597 409 1642 Hunc
442 1610 537 1653 per
567 1599 786 1643 rimulas
818 1600 1206 1655 aequidistantes
1240 1603 1390 1645 alteri
1417 1602 1718 1646 Pinnacidio
1748 1603 2127 1646 observationis
2159 1605 2382 1647 modum

181 1669 290 1724 ipsa
311 1681 398 1712 me
419 1670 600 1713 docuit
618 1671 910 1715 necessitas:
933 1672 1135 1715 Etenim
1155 1685 1251 1727 per
1268 1673 1536 1717 foramina
1556 1685 1707 1717 more
1728 1674 1858 1718 alias
1878 1675 2065 1718 usitato
2081 1674 2238 1718 stellae
2254 1675 2384 1718 diffi-

182 1740 356 1784 cilime
381 1741 435 1784 in
461 1753 526 1785 eo
555 1743 846 1797 praesertim
874 1744 1017 1797 quod
1047 1744 1282 1788 maxime
1309 1745 1376 1788 ab
1404 1746 1560 1789 oculo
1590 1748 1858 1790 remotum
1887 1746 1959 1789 est
1986 1746 2380 1801 perspiciuntur,

181 1812 271 1855 nisi
304 1812 424 1855 satis
458 1814 698 1868 amplum
731 1813 906 1858 fuerit:
947 1815 1007 1857 Et
1039 1815 1074 1857 fi
1106 1815 1211 1859 hoc
1245 1817 1586 1867 concedatur,
1628 1817 1861 1871 aliquota
1899 1818 2158 1872 particula
2190 1819 2383 1873 gradus

181 1883 351 1926 amitti
377 1884 558 1938 potest,
586 1885 838 1939 liquidem
863 1886 1088 1929 nescitur
1108 1899 1178 1930 an
1196 1888 1353 1942 plane
1374 1888 1627 1931 Centralis
1646 1888 1742 1931 fiat
1761 1888 2067 1940 collimatio‚
2097 1890 2239 1943 quod
2260 1890 2382 1932 sane

181 1955 347 1998 miror
366 1955 433 1998 ab
457 1957 890 2000 antecedentibus
910 1957 1237 2002 Astronomis
1257 1970 1365 2002 non
1386 1959 1483 2002 esse
1504 1960 1949 2012 animadversum,
1979 1963 2137 2014 atque
2163 1960 2286 2003 huic
2312 1961 2383 2003 in-

182 2027 471 2070 commodo
500 2026 650 2070 aliter
675 2028 959 2082 provisum.
988 2028 1121 2072 Cum
1142 2029 1360 2084 quidam
1383 2030 1588 2086 infignis
1609 2031 2020 2075 Mathematicus
2041 2035 2163 2074 ante
2184 2031 2384 2086 aliquot

182 2109 351 2141 annos
363 2097 834 2142 Instrumentorum
850 2111 1095 2143 meorum
1111 2099 1375 2155 spectandi
1389 2102 1556 2156 gratia
1571 2114 1659 2146 me
1672 2102 1957 2157 longinquo
1970 2103 2185 2146 veniens
2198 2102 2382 2146 itinere

179 2168 432 2220 invifisset‚
464 2172 622 2224 atque
650 2170 791 2214 hanc
820 2183 916 2225 per
939 2172 1160 2214 rimulas
1187 2172 1255 2215 fic
1282 2172 1551 2227 dispofitas
1578 2173 1744 2216 sidera
1771 2186 1934 2228 quam
1964 2174 2382 2218 commodissime

180 2240 468 2284 denotandi
481 2241 626 2284 viam
646 2241 950 2296 inspexisset,
972 2255 1086 2297 prae
1105 2243 1298 2298 gaudio
1319 2244 1480 2300 exilijt
1499 2244 1724 2288 asserens
1745 2245 1795 2288 se
1815 2256 1953 2288 nunc
1974 2257 2089 2288 rem
2111 2245 2381 2300 accepisse,

181 2324 344 2366 quam
364 2312 541 2355 multis
563 2312 714 2356 annis
733 2313 878 2368 prius
897 2314 1152 2358 incassum
1173 2315 1466 2367 anhelarat‚
1489 2316 1644 2370 seque
1662 2317 1744 2359 vel
1760 2328 1826 2360 eo
1844 2317 2059 2360 nomine
2073 2328 2181 2360 non
2193 2317 2382 2360 frustra

180 2383 233 2426 in
261 2383 492 2426 Daniam
520 2384 711 2428 venisse
742 2385 832 2428 fibi
861 2386 1350 2441 congratulabatur:
1383 2386 1643 2442 Hancque
1671 2387 1851 2442 postea
1879 2388 2121 2432 Cassellas
2149 2388 2380 2440 veniens,

181 2454 599 2509 Landgravianis
630 2458 899 2511 utcunque
932 2457 1183 2512 applicuit
1214 2458 1441 2513 organis,
1474 2458 1549 2501 uti
1581 2458 1743 2502 etiam
1775 2459 2037 2503 divisionis
2066 2472 2160 2515 per
2189 2459 2382 2515 puncta

238 2526 602 2570 transversalia
621 2527 862 2579 modum,
885 2529 1343 2582 quemadmodum
1360 2529 1414 2572 in
1425 2529 1593 2574 Tomo
1608 2530 1781 2585 primo
1797 2531 2142 2585 Epistolarum
2156 2531 2324 2575 Astro-

298 2597 634 2641 nomicarum
652 2610 719 2642 ex
735 2598 895 2642 literis
912 2599 1048 2643 inter
1060 2600 1425 2644 laudatissimae
1438 2601 1718 2645 memoriae
1732 2602 2080 2646 Wilhelmum
2095 2604 2265 2646 Land-

409 2669 652 2724 gravium
672 2670 882 2725 ejusque
904 2671 1349 2715 Mathematicum
1368 2673 1410 2716 8ι
1429 2685 1517 2716 me
1538 2674 1896 2725 commutatis,
1919 2675 2009 2718 suo
2031 2675 2151 2718 loco

652 2741 827 2795 liquet.
849 2741 1021 2796 Atque
1040 2742 1160 2786 haec
1179 2745 1294 2786 tam
1315 2743 1380 2787 de
1399 2743 1726 2800 Pinnacidijs,
1749 2757 1912 2800 quam

876 2813 1138 2857 divisionis
1158 2814 1336 2858 forma
1356 2815 1424 2859 fic
1444 2815 1691 2860 indicasse

1140 2885 1378 2930 sufficiat.
1401 2884 1422 2945 ΙΙ

322 3392 391 3427 20·
2264 3387 2379 3438 AD
