<?xml version="1.0" encoding="UTF-8"?>
<!DOCTYPE html PUBLIC "-//W3C//DTD XHTML 1.0 Transitional//EN"
    "http://www.w3.org/TR/xhtml1/DTD/xhtml1-transitional.dtd">
<html xmlns="http://www.w3.org/1999/xhtml" xml:lang="en" lang="en">
 <head>
  <title>
</title>
<meta http-equiv="Content-Type" content="text/html;charset=utf-8" />
  <meta name='ocr-system' content='tesseract 3.04.00' />
  <meta name='ocr-capabilities' content='ocr_page ocr_carea ocr_par ocr_line ocrx_word'/>
</head>
<body>
  <div class='ocr_page' id='page_1' title='image "./operaomniaedidit05brahuoft_0100.png"; bbox 0 0 2638 3952; ppageno 0'>
   <div class='ocr_carea' id='block_1_1' title="bbox 258 257 2245 319">
    <p class='ocr_par' dir='ltr' id='par_1_1' title="bbox 258 257 2245 319">
     <span class='ocr_line' id='line_1_1' title="bbox 258 257 2245 319; baseline 0.003 -9"><span class='ocrx_word' id='word_1_1' title='bbox 258 258 327 311; x_wconf 84' lang='lat'>86</span> <span class='ocrx_word' id='word_1_2' title='bbox 471 257 1080 312; x_wconf 88' lang='lat' dir='ltr'>ASTRONOMIAE</span> <span class='ocrx_word' id='word_1_3' title='bbox 1106 260 1671 316; x_wconf 89' lang='lat' dir='ltr'><strong>INSTAURATAE</strong></span> <span class='ocrx_word' id='word_1_4' title='bbox 1697 261 2245 319; x_wconf 82' lang='lat' dir='ltr'>MECHANICA</span> 
     </span>
    </p>
   </div>
   <div class='ocr_carea' id='block_1_2' title="bbox 257 399 2466 3390">
    <p class='ocr_par' dir='ltr' id='par_1_2' title="bbox 257 399 2466 3005">
     <span class='ocr_line' id='line_1_2' title="bbox 259 399 2459 457; baseline 0.001 -15"><span class='ocrx_word' id='word_1_5' title='bbox 259 402 417 454; x_wconf 90' lang='lat' dir='ltr'>geret,</span> <span class='ocrx_word' id='word_1_6' title='bbox 440 399 653 450; x_wconf 90' lang='lat' dir='ltr'>attendi,</span> <span class='ocrx_word' id='word_1_7' title='bbox 674 402 905 453; x_wconf 91' lang='lat' dir='ltr'>tuncque</span> <span class='ocrx_word' id='word_1_8' title='bbox 925 411 1021 455; x_wconf 89' lang='lat' dir='ltr'>per</span> <span class='ocrx_word' id='word_1_9' title='bbox 1041 401 1183 444; x_wconf 91' lang='lat' dir='ltr'>aliud</span> <span class='ocrx_word' id='word_1_10' title='bbox 1201 402 1562 457; x_wconf 90' lang='lat' dir='ltr'>pinnacidium</span> <span class='ocrx_word' id='word_1_11' title='bbox 1580 402 1851 446; x_wconf 88' lang='lat' dir='ltr'>collimavi</span> <span class='ocrx_word' id='word_1_12' title='bbox 1862 402 2025 457; x_wconf 89' lang='lat' dir='ltr'>priori</span> <span class='ocrx_word' id='word_1_13' title='bbox 2032 402 2184 457; x_wconf 89' lang='lat' dir='ltr'>juxta</span> <span class='ocrx_word' id='word_1_14' title='bbox 2199 402 2236 445; x_wconf 92' lang='lat' dir='ltr'>C</span> <span class='ocrx_word' id='word_1_15' title='bbox 2251 402 2459 457; x_wconf 86' lang='lat' dir='ltr'>Regulae</span> 
     </span>
     <span class='ocr_line' id='line_1_3' title="bbox 260 476 2461 534; baseline 0.002 -16"><span class='ocrx_word' id='word_1_16' title='bbox 260 476 562 530; x_wconf 87' lang='lat' dir='ltr'>analogum,</span> <span class='ocrx_word' id='word_1_17' title='bbox 586 487 694 519; x_wconf 91' lang='lat' dir='ltr'>non</span> <span class='ocrx_word' id='word_1_18' title='bbox 713 477 865 531; x_wconf 92' lang='lat' dir='ltr'>longe</span> <span class='ocrx_word' id='word_1_19' title='bbox 886 489 915 520; x_wconf 90' lang='lat' dir='ltr'>a</span> <span class='ocrx_word' id='word_1_20' title='bbox 939 478 1129 522; x_wconf 90' lang='lat' dir='ltr'>Centro</span> <span class='ocrx_word' id='word_1_21' title='bbox 1150 490 1316 534; x_wconf 90' lang='lat' dir='ltr'>prope</span> <span class='ocrx_word' id='word_1_22' title='bbox 1337 479 1384 522; x_wconf 91' lang='lat' dir='ltr'><strong>K</strong></span> <span class='ocrx_word' id='word_1_23' title='bbox 1405 479 1716 534; x_wconf 77' lang='lat' dir='ltr'>appositum,</span> <span class='ocrx_word' id='word_1_24' title='bbox 1739 478 1882 533; x_wconf 92' lang='lat' dir='ltr'>quod</span> <span class='ocrx_word' id='word_1_25' title='bbox 1903 478 2064 522; x_wconf 86' lang='lat' dir='ltr'>ficubi</span> <span class='ocrx_word' id='word_1_26' title='bbox 2082 478 2352 523; x_wconf 85' lang='lat' dir='ltr'>necessitas</span> <span class='ocrx_word' id='word_1_27' title='bbox 2371 490 2461 534; x_wconf 93' lang='lat' dir='ltr'>po-</span> 
     </span>
     <span class='ocr_line' id='line_1_4' title="bbox 259 553 2461 611; baseline 0.002 -16"><span class='ocrx_word' id='word_1_28' title='bbox 259 553 485 605; x_wconf 85' lang='lat' dir='ltr'>stularet,</span> <span class='ocrx_word' id='word_1_29' title='bbox 506 554 773 596; x_wconf 91' lang='lat' dir='ltr'>removeri</span> <span class='ocrx_word' id='word_1_30' title='bbox 792 557 1015 608; x_wconf 89' lang='lat' dir='ltr'>poterat.</span> <span class='ocrx_word' id='word_1_31' title='bbox 1038 555 1097 597; x_wconf 92' lang='lat' dir='ltr'>In</span> <span class='ocrx_word' id='word_1_32' title='bbox 1117 555 1369 610; x_wconf 83' lang='lat' dir='ltr'>superiori</span> <span class='ocrx_word' id='word_1_33' title='bbox 1388 556 1529 599; x_wconf 91' lang='lat' dir='ltr'>enim</span> <span class='ocrx_word' id='word_1_34' title='bbox 1550 558 1700 610; x_wconf 89' lang='lat' dir='ltr'>parte</span> <span class='ocrx_word' id='word_1_35' title='bbox 1718 555 1845 611; x_wconf 88' lang='lat' dir='ltr'>ejus,</span> <span class='ocrx_word' id='word_1_36' title='bbox 1867 555 2058 598; x_wconf 90' lang='lat' dir='ltr'>rimula</span> <span class='ocrx_word' id='word_1_37' title='bbox 2074 556 2326 610; x_wconf 70' lang='lat' dir='ltr'>quaedam</span> <span class='ocrx_word' id='word_1_38' title='bbox 2340 567 2461 599; x_wconf 89' lang='lat' dir='ltr'>con-</span> 
     </span>
     <span class='ocr_line' id='line_1_5' title="bbox 257 628 2461 689; baseline 0.002 -17"><span class='ocrx_word' id='word_1_39' title='bbox 257 628 396 673; x_wconf 73' lang='lat' dir='ltr'>fecta</span> <span class='ocrx_word' id='word_1_40' title='bbox 416 633 545 683; x_wconf 89' lang='lat' dir='ltr'>erat,</span> <span class='ocrx_word' id='word_1_41' title='bbox 572 643 679 673; x_wconf 92' lang='lat' dir='ltr'>una</span> <span class='ocrx_word' id='word_1_42' title='bbox 700 642 826 674; x_wconf 90' lang='lat' dir='ltr'>cum</span> <span class='ocrx_word' id='word_1_43' title='bbox 845 631 1034 686; x_wconf 90' lang='lat' dir='ltr'>prioris</span> <span class='ocrx_word' id='word_1_44' title='bbox 1053 632 1334 689; x_wconf 91' lang='lat' dir='ltr'>pinnacidij</span> <span class='ocrx_word' id='word_1_45' title='bbox 1357 634 1521 677; x_wconf 89' lang='lat' dir='ltr'>latere</span> <span class='ocrx_word' id='word_1_46' title='bbox 1541 633 1702 676; x_wconf 90' lang='lat' dir='ltr'>etiam</span> <span class='ocrx_word' id='word_1_47' title='bbox 1723 632 2003 687; x_wconf 85' lang='lat' dir='ltr'>superiore,</span> <span class='ocrx_word' id='word_1_48' title='bbox 2030 630 2266 688; x_wconf 65' lang='lat' dir='ltr'>respectu</span> <span class='ocrx_word' id='word_1_49' title='bbox 2290 632 2461 676; x_wconf 87' lang='lat' dir='ltr'>inferi-</span> 
     </span>
     <span class='ocr_line' id='line_1_6' title="bbox 260 707 2459 764; baseline 0.001 -15"><span class='ocrx_word' id='word_1_50' title='bbox 260 707 365 750; x_wconf 89' lang='lat' dir='ltr'>oris</span> <span class='ocrx_word' id='word_1_51' title='bbox 394 708 435 750; x_wconf 80' lang='lat'>&amp;</span> <span class='ocrx_word' id='word_1_52' title='bbox 465 707 638 750; x_wconf 92' lang='lat' dir='ltr'>Centri</span> <span class='ocrx_word' id='word_1_53' title='bbox 665 709 933 761; x_wconf 89' lang='lat' dir='ltr'>Parallela,</span> <span class='ocrx_word' id='word_1_54' title='bbox 967 721 1062 763; x_wconf 92' lang='lat' dir='ltr'>per</span> <span class='ocrx_word' id='word_1_55' title='bbox 1093 721 1257 763; x_wconf 91' lang='lat' dir='ltr'>quam</span> <span class='ocrx_word' id='word_1_56' title='bbox 1287 709 1423 753; x_wconf 92' lang='lat' dir='ltr'>inter</span> <span class='ocrx_word' id='word_1_57' title='bbox 1454 709 1845 753; x_wconf 85' lang='lat' dir='ltr'>observandum</span> <span class='ocrx_word' id='word_1_58' title='bbox 1874 711 2022 752; x_wconf 80' lang='lat' dir='ltr'>mota</span> <span class='ocrx_word' id='word_1_59' title='bbox 2054 709 2208 764; x_wconf 80' lang='lat' dir='ltr'>longa</span> <span class='ocrx_word' id='word_1_60' title='bbox 2238 709 2459 754; x_wconf 77' lang='lat' dir='ltr'><strong>cochlea</strong></span> 
     </span>
     <span class='ocr_line' id='line_1_7' title="bbox 260 784 2460 841; baseline 0.002 -15"><span class='ocrx_word' id='word_1_61' title='bbox 260 785 368 837; x_wconf 93' lang='lat' dir='ltr'>DE,</span> <span class='ocrx_word' id='word_1_62' title='bbox 390 784 622 840; x_wconf 91' lang='lat' dir='ltr'>Angulus</span> <span class='ocrx_word' id='word_1_63' title='bbox 637 785 969 829; x_wconf 87' lang='lat' dir='ltr'>Instrumenti</span> <span class='ocrx_word' id='word_1_64' title='bbox 981 786 1305 839; x_wconf 91' lang='lat' dir='ltr'>variabatur,</span> <span class='ocrx_word' id='word_1_65' title='bbox 1328 787 1498 831; x_wconf 92' lang='lat' dir='ltr'>donec</span> <span class='ocrx_word' id='word_1_66' title='bbox 1516 798 1717 830; x_wconf 92' lang='lat' dir='ltr'>novam</span> <span class='ocrx_word' id='word_1_67' title='bbox 1731 785 1931 829; x_wconf 85' lang='lat' dir='ltr'>stellam</span> <span class='ocrx_word' id='word_1_68' title='bbox 1944 786 1998 829; x_wconf 90' lang='lat' dir='ltr'>in</span> <span class='ocrx_word' id='word_1_69' title='bbox 2012 786 2276 841; x_wconf 80' lang='lat' dir='ltr'>superiore</span> <span class='ocrx_word' id='word_1_70' title='bbox 2295 786 2460 830; x_wconf 87' lang='lat' dir='ltr'>limbo</span> 
     </span>
     <span class='ocr_line' id='line_1_8' title="bbox 258 862 2459 921; baseline 0.001 -17"><span class='ocrx_word' id='word_1_71' title='bbox 258 862 538 917; x_wconf 87' lang='lat' dir='ltr'>pinnacidij</span> <span class='ocrx_word' id='word_1_72' title='bbox 568 863 637 905; x_wconf 92' lang='lat' dir='ltr'>ad</span> <span class='ocrx_word' id='word_1_73' title='bbox 658 863 695 905; x_wconf 95' lang='lat' dir='ltr'>C</span> <span class='ocrx_word' id='word_1_74' title='bbox 714 863 931 917; x_wconf 87' lang='lat' dir='ltr'>praecise</span> <span class='ocrx_word' id='word_1_75' title='bbox 958 863 1315 915; x_wconf 90' lang='lat' dir='ltr'>collinearem‚</span> <span class='ocrx_word' id='word_1_76' title='bbox 1344 864 1560 907; x_wconf 80' lang='lat' dir='ltr'>dimidia</span> <span class='ocrx_word' id='word_1_77' title='bbox 1587 865 1698 921; x_wconf 88' lang='lat' dir='ltr'>ejus</span> <span class='ocrx_word' id='word_1_78' title='bbox 1724 866 1874 919; x_wconf 86' lang='lat' dir='ltr'>parte</span> <span class='ocrx_word' id='word_1_79' title='bbox 1899 863 2029 915; x_wconf 77' lang='lat' dir='ltr'>visa,</span> <span class='ocrx_word' id='word_1_80' title='bbox 2058 864 2224 907; x_wconf 79' lang='lat' dir='ltr'>altera</span> <span class='ocrx_word' id='word_1_81' title='bbox 2249 863 2459 915; x_wconf 88' lang='lat' dir='ltr'>latente,</span> 
     </span>
     <span class='ocr_line' id='line_1_9' title="bbox 259 940 2463 996; baseline 0.001 -15"><span class='ocrx_word' id='word_1_82' title='bbox 259 942 516 993; x_wconf 88' lang='lat' dir='ltr'>quantum</span> <span class='ocrx_word' id='word_1_83' title='bbox 536 940 644 983; x_wconf 94' lang='lat' dir='ltr'>ullo</span> <span class='ocrx_word' id='word_1_84' title='bbox 666 940 911 984; x_wconf 85' lang='lat' dir='ltr'>acumine</span> <span class='ocrx_word' id='word_1_85' title='bbox 932 941 1225 985; x_wconf 86' lang='lat' dir='ltr'>discernere</span> <span class='ocrx_word' id='word_1_86' title='bbox 1245 941 1403 985; x_wconf 90' lang='lat' dir='ltr'>licuit.</span> <span class='ocrx_word' id='word_1_87' title='bbox 1427 941 1658 985; x_wconf 89' lang='lat' dir='ltr'>Rimulas</span> <span class='ocrx_word' id='word_1_88' title='bbox 1678 942 1820 985; x_wconf 90' lang='lat' dir='ltr'>enim</span> <span class='ocrx_word' id='word_1_89' title='bbox 1840 940 2002 996; x_wconf 91' lang='lat' dir='ltr'>priori</span> <span class='ocrx_word' id='word_1_90' title='bbox 2021 940 2321 995; x_wconf 89' lang='lat' dir='ltr'>pinnacidio</span> <span class='ocrx_word' id='word_1_91' title='bbox 2340 940 2463 983; x_wconf 90' lang='lat' dir='ltr'>utri-</span> 
     </span>
     <span class='ocr_line' id='line_1_10' title="bbox 260 1017 2463 1073; baseline 0.001 -15"><span class='ocrx_word' id='word_1_92' title='bbox 260 1027 361 1070; x_wconf 93' lang='lat' dir='ltr'>que</span> <span class='ocrx_word' id='word_1_93' title='bbox 386 1017 669 1070; x_wconf 90' lang='lat' dir='ltr'>parallelas</span> <span class='ocrx_word' id='word_1_94' title='bbox 693 1020 819 1061; x_wconf 89' lang='lat' dir='ltr'>tunc</span> <span class='ocrx_word' id='word_1_95' title='bbox 844 1018 1101 1072; x_wconf 90' lang='lat' dir='ltr'>temporis</span> <span class='ocrx_word' id='word_1_96' title='bbox 1127 1019 1366 1062; x_wconf 91' lang='lat' dir='ltr'>nondum</span> <span class='ocrx_word' id='word_1_97' title='bbox 1387 1019 1783 1070; x_wconf 91' lang='lat' dir='ltr'>adinveneram,</span> <span class='ocrx_word' id='word_1_98' title='bbox 1812 1030 2039 1073; x_wconf 91' lang='lat' dir='ltr'>quarum</span> <span class='ocrx_word' id='word_1_99' title='bbox 2065 1017 2324 1061; x_wconf 88' lang='lat' dir='ltr'>beneficio</span> <span class='ocrx_word' id='word_1_100' title='bbox 2345 1028 2463 1061; x_wconf 91' lang='lat' dir='ltr'>cen-</span> 
     </span>
     <span class='ocr_line' id='line_1_11' title="bbox 258 1093 2462 1151; baseline 0.001 -16"><span class='ocrx_word' id='word_1_101' title='bbox 258 1096 401 1136; x_wconf 87' lang='lat' dir='ltr'>trum</span> <span class='ocrx_word' id='word_1_102' title='bbox 428 1093 585 1137; x_wconf 84' lang='lat' dir='ltr'>stellae</span> <span class='ocrx_word' id='word_1_103' title='bbox 612 1093 928 1139; x_wconf 72' lang='lat' dir='ltr'>exadtissime</span> <span class='ocrx_word' id='word_1_104' title='bbox 954 1098 1183 1139; x_wconf 85' lang='lat' dir='ltr'>notatur.</span> <span class='ocrx_word' id='word_1_105' title='bbox 1213 1096 1272 1138; x_wconf 92' lang='lat' dir='ltr'>In</span> <span class='ocrx_word' id='word_1_106' title='bbox 1298 1096 1439 1140; x_wconf 89' lang='lat' dir='ltr'>hunc</span> <span class='ocrx_word' id='word_1_107' title='bbox 1466 1096 1643 1151; x_wconf 89' lang='lat' dir='ltr'>itaque</span> <span class='ocrx_word' id='word_1_108' title='bbox 1670 1095 1893 1140; x_wconf 93' lang='lat' dir='ltr'>modum</span> <span class='ocrx_word' id='word_1_109' title='bbox 1919 1106 2014 1150; x_wconf 92' lang='lat' dir='ltr'>per</span> <span class='ocrx_word' id='word_1_110' title='bbox 2032 1095 2235 1138; x_wconf 88' lang='lat' dir='ltr'>Arcum</span> <span class='ocrx_word' id='word_1_111' title='bbox 2253 1095 2462 1150; x_wconf 90' lang='lat' dir='ltr'>utrique</span> 
     </span>
     <span class='ocr_line' id='line_1_12' title="bbox 258 1170 2462 1227; baseline 0 -14"><span class='ocrx_word' id='word_1_112' title='bbox 258 1170 559 1225; x_wconf 89' lang='lat' dir='ltr'>pinnacidio</span> <span class='ocrx_word' id='word_1_113' title='bbox 587 1171 671 1214; x_wconf 94' lang='lat' dir='ltr'>BC</span> <span class='ocrx_word' id='word_1_114' title='bbox 697 1172 1050 1227; x_wconf 88' lang='lat' dir='ltr'>interceptum</span> <span class='ocrx_word' id='word_1_115' title='bbox 1077 1173 1356 1216; x_wconf 88' lang='lat' dir='ltr'>minimam</span> <span class='ocrx_word' id='word_1_116' title='bbox 1384 1173 1541 1217; x_wconf 83' lang='lat' dir='ltr'>stellae</span> <span class='ocrx_word' id='word_1_117' title='bbox 1561 1173 1904 1216; x_wconf 84' lang='lat' dir='ltr'>Altitudinem</span> <span class='ocrx_word' id='word_1_118' title='bbox 1931 1173 2085 1227; x_wconf 90' lang='lat' dir='ltr'>supra</span> <span class='ocrx_word' id='word_1_119' title='bbox 2112 1171 2462 1215; x_wconf 89' lang='lat' dir='ltr'>Horizontem</span> 
     </span>
     <span class='ocr_line' id='line_1_13' title="bbox 259 1247 2462 1303; baseline 0 -13"><span class='ocrx_word' id='word_1_120' title='bbox 259 1247 597 1302; x_wconf 87' lang='lat' dir='ltr'>deprehendi,</span> <span class='ocrx_word' id='word_1_121' title='bbox 629 1250 843 1303; x_wconf 92' lang='lat' dir='ltr'>qualem</span> <span class='ocrx_word' id='word_1_122' title='bbox 871 1250 924 1293; x_wconf 92' lang='lat' dir='ltr'>in</span> <span class='ocrx_word' id='word_1_123' title='bbox 954 1248 1201 1294; x_wconf 70' lang='lat' dir='ltr'>antedicti</span> <span class='ocrx_word' id='word_1_124' title='bbox 1228 1250 1345 1294; x_wconf 90' lang='lat' dir='ltr'>libri</span> <span class='ocrx_word' id='word_1_125' title='bbox 1373 1251 1494 1294; x_wconf 90' lang='lat' dir='ltr'>loco</span> <span class='ocrx_word' id='word_1_126' title='bbox 1521 1250 1684 1294; x_wconf 87' lang='lat' dir='ltr'>citato</span> <span class='ocrx_word' id='word_1_127' title='bbox 1712 1250 1956 1294; x_wconf 85' lang='lat' dir='ltr'>reseravi.</span> <span class='ocrx_word' id='word_1_128' title='bbox 1989 1249 2122 1292; x_wconf 94' lang='lat' dir='ltr'>Cum</span> <span class='ocrx_word' id='word_1_129' title='bbox 2147 1259 2277 1292; x_wconf 92' lang='lat' dir='ltr'>vero</span> <span class='ocrx_word' id='word_1_130' title='bbox 2305 1248 2462 1292; x_wconf 88' lang='lat' dir='ltr'>facile</span> 
     </span>
     <span class='ocr_line' id='line_1_14' title="bbox 260 1325 2463 1382; baseline 0.001 -15"><span class='ocrx_word' id='word_1_131' title='bbox 260 1325 452 1380; x_wconf 88' lang='lat' dir='ltr'>Regula</span> <span class='ocrx_word' id='word_1_132' title='bbox 478 1325 568 1368; x_wconf 86' lang='lat' dir='ltr'>BA</span> <span class='ocrx_word' id='word_1_133' title='bbox 594 1326 836 1381; x_wconf 88' lang='lat' dir='ltr'>adeoque</span> <span class='ocrx_word' id='word_1_134' title='bbox 863 1330 1007 1371; x_wconf 89' lang='lat' dir='ltr'>totus</span> <span class='ocrx_word' id='word_1_135' title='bbox 1033 1328 1242 1371; x_wconf 90' lang='lat' dir='ltr'>sextans</span> <span class='ocrx_word' id='word_1_136' title='bbox 1269 1328 1336 1371; x_wconf 90' lang='lat' dir='ltr'>ab</span> <span class='ocrx_word' id='word_1_137' title='bbox 1364 1327 1669 1371; x_wconf 88' lang='lat' dir='ltr'>Horizontis</span> <span class='ocrx_word' id='word_1_138' title='bbox 1698 1326 1992 1382; x_wconf 83' lang='lat' dir='ltr'>aequilibrio</span> <span class='ocrx_word' id='word_1_139' title='bbox 2021 1326 2156 1370; x_wconf 90' lang='lat' dir='ltr'>inter</span> <span class='ocrx_word' id='word_1_140' title='bbox 2185 1326 2463 1370; x_wconf 89' lang='lat' dir='ltr'>observan-</span> 
     </span>
     <span class='ocr_line' id='line_1_15' title="bbox 259 1402 2463 1459; baseline 0.001 -14"><span class='ocrx_word' id='word_1_141' title='bbox 259 1402 389 1445; x_wconf 90' lang='lat' dir='ltr'>dum</span> <span class='ocrx_word' id='word_1_142' title='bbox 409 1403 670 1447; x_wconf 88' lang='lat' dir='ltr'>dimoveri</span> <span class='ocrx_word' id='word_1_143' title='bbox 689 1403 866 1458; x_wconf 85' lang='lat' dir='ltr'>posset‚</span> <span class='ocrx_word' id='word_1_144' title='bbox 895 1405 930 1447; x_wconf 87' lang='lat' dir='ltr'>fi</span> <span class='ocrx_word' id='word_1_145' title='bbox 957 1404 1143 1456; x_wconf 86' lang='lat' dir='ltr'>fulcra,</span> <span class='ocrx_word' id='word_1_146' title='bbox 1172 1404 1361 1459; x_wconf 89' lang='lat' dir='ltr'>quibus</span> <span class='ocrx_word' id='word_1_147' title='bbox 1387 1404 1708 1448; x_wconf 84' lang='lat' dir='ltr'>innitebatur</span> <span class='ocrx_word' id='word_1_148' title='bbox 1727 1404 2135 1448; x_wconf 84' lang='lat' dir='ltr'>Instrumentum</span> <span class='ocrx_word' id='word_1_149' title='bbox 2155 1403 2390 1447; x_wconf 88' lang='lat' dir='ltr'>nonnihil</span> <span class='ocrx_word' id='word_1_150' title='bbox 2409 1403 2463 1447; x_wconf 90' lang='lat' dir='ltr'>in</span> 
     </span>
     <span class='ocr_line' id='line_1_16' title="bbox 259 1479 2462 1537; baseline 0.001 -15"><span class='ocrx_word' id='word_1_151' title='bbox 259 1480 398 1523; x_wconf 92' lang='lat' dir='ltr'>hanc</span> <span class='ocrx_word' id='word_1_152' title='bbox 419 1480 503 1523; x_wconf 94' lang='lat' dir='ltr'>vel</span> <span class='ocrx_word' id='word_1_153' title='bbox 523 1479 669 1523; x_wconf 91' lang='lat' dir='ltr'>illam</span> <span class='ocrx_word' id='word_1_154' title='bbox 688 1483 897 1535; x_wconf 89' lang='lat' dir='ltr'>partem</span> <span class='ocrx_word' id='word_1_155' title='bbox 917 1493 1013 1536; x_wconf 93' lang='lat' dir='ltr'>per</span> <span class='ocrx_word' id='word_1_156' title='bbox 1032 1480 1274 1525; x_wconf 76' lang='lat' dir='ltr'>subactos</span> <span class='ocrx_word' id='word_1_157' title='bbox 1295 1493 1494 1526; x_wconf 90' lang='lat' dir='ltr'>cuneos</span> <span class='ocrx_word' id='word_1_158' title='bbox 1515 1481 1784 1526; x_wconf 89' lang='lat' dir='ltr'>cederent:</span> <span class='ocrx_word' id='word_1_159' title='bbox 1815 1481 1936 1524; x_wconf 92' lang='lat' dir='ltr'>ideo</span> <span class='ocrx_word' id='word_1_160' title='bbox 1950 1481 2103 1537; x_wconf 76' lang='lat' dir='ltr'>Juxta</span> <span class='ocrx_word' id='word_1_161' title='bbox 2122 1480 2373 1525; x_wconf 90' lang='lat' dir='ltr'>lineolam</span> <span class='ocrx_word' id='word_1_162' title='bbox 2394 1481 2462 1524; x_wconf 92' lang='lat' dir='ltr'>ad</span> 
     </span>
     <span class='ocr_line' id='line_1_17' title="bbox 259 1556 2463 1613; baseline 0.001 -14"><span class='ocrx_word' id='word_1_163' title='bbox 259 1556 304 1600; x_wconf 94' lang='lat' dir='ltr'>O</span> <span class='ocrx_word' id='word_1_164' title='bbox 332 1557 387 1600; x_wconf 90' lang='lat' dir='ltr'>in</span> <span class='ocrx_word' id='word_1_165' title='bbox 413 1556 675 1601; x_wconf 90' lang='lat' dir='ltr'>inferioris</span> <span class='ocrx_word' id='word_1_166' title='bbox 704 1558 911 1613; x_wconf 86' lang='lat' dir='ltr'>Regulae</span> <span class='ocrx_word' id='word_1_167' title='bbox 945 1558 1235 1603; x_wconf 88' lang='lat' dir='ltr'>meditullio</span> <span class='ocrx_word' id='word_1_168' title='bbox 1269 1559 1436 1611; x_wconf 87' lang='lat' dir='ltr'>fitam,</span> <span class='ocrx_word' id='word_1_169' title='bbox 1471 1570 1635 1613; x_wconf 89' lang='lat' dir='ltr'>quam</span> <span class='ocrx_word' id='word_1_170' title='bbox 1663 1558 1996 1602; x_wconf 87' lang='lat' dir='ltr'>Instrumenti</span> <span class='ocrx_word' id='word_1_171' title='bbox 2025 1557 2463 1613; x_wconf 89' lang='lat' dir='ltr'>perpendiculum</span> 
     </span>
     <span class='ocr_line' id='line_1_18' title="bbox 261 1632 2464 1691; baseline 0 -14"><span class='ocrx_word' id='word_1_172' title='bbox 261 1632 402 1678; x_wconf 73' lang='lat' dir='ltr'>recte</span> <span class='ocrx_word' id='word_1_173' title='bbox 433 1634 484 1678; x_wconf 93' lang='lat' dir='ltr'>se</span> <span class='ocrx_word' id='word_1_174' title='bbox 514 1634 719 1679; x_wconf 91' lang='lat' dir='ltr'>habens</span> <span class='ocrx_word' id='word_1_175' title='bbox 751 1635 842 1679; x_wconf 93' lang='lat' dir='ltr'>suo</span> <span class='ocrx_word' id='word_1_176' title='bbox 876 1634 1124 1679; x_wconf 68' lang='lat' dir='ltr'>contacstu</span> <span class='ocrx_word' id='word_1_177' title='bbox 1155 1636 1361 1691; x_wconf 92' lang='lat' dir='ltr'>pulsare</span> <span class='ocrx_word' id='word_1_178' title='bbox 1393 1636 1589 1689; x_wconf 83' lang='lat' dir='ltr'>debuit,</span> <span class='ocrx_word' id='word_1_179' title='bbox 1626 1636 1871 1691; x_wconf 89' lang='lat' dir='ltr'>utrinque</span> <span class='ocrx_word' id='word_1_180' title='bbox 1903 1635 2180 1679; x_wconf 79' lang='lat' dir='ltr'>divisiones</span> <span class='ocrx_word' id='word_1_181' title='bbox 2211 1635 2464 1690; x_wconf 85' lang='lat' dir='ltr'>quaedam</span> 
     </span>
     <span class='ocr_line' id='line_1_19' title="bbox 261 1712 2466 1768; baseline 0 -13"><span class='ocrx_word' id='word_1_182' title='bbox 261 1714 414 1755; x_wconf 89' lang='lat' dir='ltr'>erant</span> <span class='ocrx_word' id='word_1_183' title='bbox 433 1712 703 1767; x_wconf 85' lang='lat' dir='ltr'>adaptatae</span> <span class='ocrx_word' id='word_1_184' title='bbox 722 1712 776 1756; x_wconf 92' lang='lat' dir='ltr'>in</span> <span class='ocrx_word' id='word_1_185' title='bbox 794 1724 964 1768; x_wconf 90' lang='lat' dir='ltr'>parvo</span> <span class='ocrx_word' id='word_1_186' title='bbox 986 1713 1222 1768; x_wconf 93' lang='lat' dir='ltr'>quodam</span> <span class='ocrx_word' id='word_1_187' title='bbox 1241 1714 1384 1757; x_wconf 85' lang='lat' dir='ltr'>Arcu</span> <span class='ocrx_word' id='word_1_188' title='bbox 1403 1713 1491 1765; x_wconf 90' lang='lat' dir='ltr'>PQ</span> <span class='ocrx_word' id='word_1_189' title='bbox 1512 1713 1657 1757; x_wconf 91' lang='lat' dir='ltr'>circa</span> <span class='ocrx_word' id='word_1_190' title='bbox 1677 1716 1922 1757; x_wconf 90' lang='lat' dir='ltr'>centrum</span> <span class='ocrx_word' id='word_1_191' title='bbox 1943 1712 1989 1756; x_wconf 91' lang='lat' dir='ltr'>N</span> <span class='ocrx_word' id='word_1_192' title='bbox 2009 1713 2285 1768; x_wconf 87' lang='lat' dir='ltr'>descripto,</span> <span class='ocrx_word' id='word_1_193' title='bbox 2313 1712 2381 1756; x_wconf 88' lang='lat' dir='ltr'>fic</span> <span class='ocrx_word' id='word_1_194' title='bbox 2406 1714 2466 1755; x_wconf 88' lang='lat' dir='ltr'>ut</span> 
     </span>
     <span class='ocr_line' id='line_1_20' title="bbox 261 1785 2464 1845; baseline 0 -13"><span class='ocrx_word' id='word_1_195' title='bbox 261 1800 358 1843; x_wconf 93' lang='lat' dir='ltr'>pro</span> <span class='ocrx_word' id='word_1_196' title='bbox 377 1789 668 1844; x_wconf 85' lang='lat' dir='ltr'>quantitate</span> <span class='ocrx_word' id='word_1_197' title='bbox 683 1789 893 1834; x_wconf 90' lang='lat' dir='ltr'>Gradus</span> <span class='ocrx_word' id='word_1_198' title='bbox 912 1790 1067 1834; x_wconf 92' lang='lat' dir='ltr'>unius</span> <span class='ocrx_word' id='word_1_199' title='bbox 1086 1791 1139 1834; x_wconf 92' lang='lat' dir='ltr'>in</span> <span class='ocrx_word' id='word_1_200' title='bbox 1157 1791 1250 1834; x_wconf 91' lang='lat' dir='ltr'>tali</span> <span class='ocrx_word' id='word_1_201' title='bbox 1270 1790 1453 1835; x_wconf 92' lang='lat' dir='ltr'>circuli</span> <span class='ocrx_word' id='word_1_202' title='bbox 1473 1785 1735 1834; x_wconf 85' lang='lat' dir='ltr'>diametro</span> <span class='ocrx_word' id='word_1_203' title='bbox 1756 1790 1961 1834; x_wconf 86' lang='lat' dir='ltr'>minuta</span> <span class='ocrx_word' id='word_1_204' title='bbox 1981 1790 2048 1834; x_wconf 89' lang='lat' dir='ltr'>ab</span> <span class='ocrx_word' id='word_1_205' title='bbox 2069 1792 2295 1845; x_wconf 77' lang='lat' dir='ltr'>utraque</span> <span class='ocrx_word' id='word_1_206' title='bbox 2313 1792 2464 1845; x_wconf 90' lang='lat' dir='ltr'>parte</span> 
     </span>
     <span class='ocr_line' id='line_1_21' title="bbox 262 1866 2462 1923; baseline 0 -14"><span class='ocrx_word' id='word_1_207' title='bbox 262 1866 703 1919; x_wconf 89' lang='lat' dir='ltr'>distribuerentur,</span> <span class='ocrx_word' id='word_1_208' title='bbox 724 1866 778 1910; x_wconf 93' lang='lat' dir='ltr'>in</span> <span class='ocrx_word' id='word_1_209' title='bbox 799 1868 1048 1912; x_wconf 88' lang='lat' dir='ltr'>anteriori</span> <span class='ocrx_word' id='word_1_210' title='bbox 1069 1868 1157 1912; x_wconf 88' lang='grc' dir='ltr'>ΟΡ</span> <span class='ocrx_word' id='word_1_211' title='bbox 1176 1868 1553 1921; x_wconf 90' lang='lat' dir='ltr'>subtrahenda;</span> <span class='ocrx_word' id='word_1_212' title='bbox 1575 1868 1629 1911; x_wconf 94' lang='lat' dir='ltr'>in</span> <span class='ocrx_word' id='word_1_213' title='bbox 1641 1867 1927 1923; x_wconf 90' lang='lat' dir='ltr'>posteriore</span> <span class='ocrx_word' id='word_1_214' title='bbox 1940 1878 2070 1912; x_wconf 92' lang='lat' dir='ltr'>vero</span> <span class='ocrx_word' id='word_1_215' title='bbox 2085 1867 2130 1911; x_wconf 92' lang='grc' dir='ltr'>Ο</span> <span class='ocrx_word' id='word_1_216' title='bbox 2140 1867 2185 1920; x_wconf 88' lang='lat' dir='ltr'>Q</span> <span class='ocrx_word' id='word_1_217' title='bbox 2200 1867 2462 1920; x_wconf 89' lang='lat' dir='ltr'>addenda,</span> 
     </span>
     <span class='ocr_line' id='line_1_22' title="bbox 260 1945 2464 2001; baseline 0.001 -15"><span class='ocrx_word' id='word_1_218' title='bbox 260 1947 418 1999; x_wconf 90' lang='lat' dir='ltr'>prout</span> <span class='ocrx_word' id='word_1_219' title='bbox 437 1945 874 1999; x_wconf 92' lang='lat' dir='ltr'>perpendiculum</span> <span class='ocrx_word' id='word_1_220' title='bbox 893 1946 1016 1989; x_wconf 92' lang='lat' dir='ltr'>hinc</span> <span class='ocrx_word' id='word_1_221' title='bbox 1030 1946 1115 1989; x_wconf 93' lang='lat' dir='ltr'>vel</span> <span class='ocrx_word' id='word_1_222' title='bbox 1129 1945 1250 1990; x_wconf 91' lang='lat' dir='ltr'>inde</span> <span class='ocrx_word' id='word_1_223' title='bbox 1265 1946 1501 2001; x_wconf 91' lang='lat' dir='ltr'>aliquam</span> <span class='ocrx_word' id='word_1_224' title='bbox 1515 1946 1583 1989; x_wconf 90' lang='lat' dir='ltr'>ab</span> <span class='ocrx_word' id='word_1_225' title='bbox 1598 1945 1892 2000; x_wconf 80' lang='lat' dir='ltr'>aequilibrio</span> <span class='ocrx_word' id='word_1_226' title='bbox 1907 1945 2303 1990; x_wconf 85' lang='lat' dir='ltr'>inclinationem</span> <span class='ocrx_word' id='word_1_227' title='bbox 2317 1956 2464 1989; x_wconf 93' lang='lat' dir='ltr'>mon-</span> 
     </span>
     <span class='ocr_line' id='line_1_23' title="bbox 262 2020 2465 2078; baseline 0 -14"><span class='ocrx_word' id='word_1_228' title='bbox 262 2021 477 2066; x_wconf 87' lang='lat' dir='ltr'>strabat:</span> <span class='ocrx_word' id='word_1_229' title='bbox 499 2023 678 2077; x_wconf 92' lang='lat' dir='ltr'>quue</span> <span class='ocrx_word' id='word_1_230' title='bbox 698 2021 854 2077; x_wconf 74' lang='lat' dir='ltr'>pacto</span> <span class='ocrx_word' id='word_1_231' title='bbox 874 2023 1217 2067; x_wconf 89' lang='lat' dir='ltr'>Altitudinem</span> <span class='ocrx_word' id='word_1_232' title='bbox 1235 2035 1333 2078; x_wconf 92' lang='lat' dir='ltr'>per</span> <span class='ocrx_word' id='word_1_233' title='bbox 1350 2023 1551 2067; x_wconf 85' lang='lat' dir='ltr'>Arcum</span> <span class='ocrx_word' id='word_1_234' title='bbox 1572 2020 1947 2066; x_wconf 81' lang='lat' dir='ltr'>BC&#39;inventam</span> <span class='ocrx_word' id='word_1_235' title='bbox 1967 2021 2333 2067; x_wconf 91' lang='lat' dir='ltr'>observatione</span> <span class='ocrx_word' id='word_1_236' title='bbox 2352 2033 2465 2077; x_wconf 91' lang='lat' dir='ltr'>per-</span> 
     </span>
     <span class='ocr_line' id='line_1_24' title="bbox 262 2097 2466 2156; baseline 0.001 -15"><span class='ocrx_word' id='word_1_237' title='bbox 262 2097 396 2150; x_wconf 55' lang='lat' dir='ltr'>adm,</span> <span class='ocrx_word' id='word_1_238' title='bbox 425 2099 466 2142; x_wconf 76' lang='grc' dir='ltr'>δι</span> <span class='ocrx_word' id='word_1_239' title='bbox 491 2100 868 2155; x_wconf 91' lang='lat' dir='ltr'>perpendiculo</span> <span class='ocrx_word' id='word_1_240' title='bbox 891 2101 1084 2145; x_wconf 92' lang='lat' dir='ltr'>iterum</span> <span class='ocrx_word' id='word_1_241' title='bbox 1103 2099 1332 2156; x_wconf 76' lang='lat' dir='ltr'>inspecsto</span> <span class='ocrx_word' id='word_1_242' title='bbox 1351 2099 1592 2156; x_wconf 89' lang='lat' dir='ltr'>probavi,</span> <span class='ocrx_word' id='word_1_243' title='bbox 1615 2111 1679 2144; x_wconf 92' lang='lat' dir='ltr'>ac</span> <span class='ocrx_word' id='word_1_244' title='bbox 1698 2100 1880 2156; x_wconf 76' lang='lat' dir='ltr'>(sicubi</span> <span class='ocrx_word' id='word_1_245' title='bbox 1898 2100 1951 2143; x_wconf 91' lang='lat' dir='ltr'>id</span> <span class='ocrx_word' id='word_1_246' title='bbox 1970 2099 2234 2144; x_wconf 85' lang='lat' dir='ltr'>necessum</span> <span class='ocrx_word' id='word_1_247' title='bbox 2252 2099 2466 2143; x_wconf 89' lang='lat' dir='ltr'>videba-</span> 
     </span>
     <span class='ocr_line' id='line_1_25' title="bbox 260 2176 2464 2234; baseline 0 -15"><span class='ocrx_word' id='word_1_248' title='bbox 260 2176 364 2234; x_wconf 89' lang='lat' dir='ltr'>tur)</span> <span class='ocrx_word' id='word_1_249' title='bbox 394 2177 695 2221; x_wconf 90' lang='lat' dir='ltr'>accuratius</span> <span class='ocrx_word' id='word_1_250' title='bbox 724 2178 959 2222; x_wconf 89' lang='lat' dir='ltr'>limitavi.</span> <span class='ocrx_word' id='word_1_251' title='bbox 991 2178 1141 2222; x_wconf 90' lang='lat' dir='ltr'>Licet</span> <span class='ocrx_word' id='word_1_252' title='bbox 1165 2190 1294 2222; x_wconf 91' lang='lat' dir='ltr'>vero</span> <span class='ocrx_word' id='word_1_253' title='bbox 1322 2178 1621 2233; x_wconf 84' lang='lat' dir='ltr'>exquifitius</span> <span class='ocrx_word' id='word_1_254' title='bbox 1646 2189 1732 2222; x_wconf 91' lang='lat' dir='ltr'>res</span> <span class='ocrx_word' id='word_1_255' title='bbox 1758 2180 2017 2234; x_wconf 85' lang='lat' dir='ltr'>ageretur,</span> <span class='ocrx_word' id='word_1_256' title='bbox 2045 2178 2081 2220; x_wconf 85' lang='lat' dir='ltr'><strong>fi</strong></span> <span class='ocrx_word' id='word_1_257' title='bbox 2105 2189 2201 2233; x_wconf 92' lang='lat' dir='ltr'>per</span> <span class='ocrx_word' id='word_1_258' title='bbox 2226 2177 2376 2221; x_wconf 92' lang='lat' dir='ltr'>binas</span> <span class='ocrx_word' id='word_1_259' title='bbox 2402 2176 2464 2220; x_wconf 87' lang='lat' dir='ltr'>ri-</span> 
     </span>
     <span class='ocr_line' id='line_1_26' title="bbox 262 2253 2461 2312; baseline 0.001 -16"><span class='ocrx_word' id='word_1_260' title='bbox 262 2255 435 2297; x_wconf 92' lang='lat' dir='ltr'>mulas</span> <span class='ocrx_word' id='word_1_261' title='bbox 454 2255 736 2309; x_wconf 91' lang='lat' dir='ltr'>parallelas</span> <span class='ocrx_word' id='word_1_262' title='bbox 756 2256 914 2299; x_wconf 93' lang='lat' dir='ltr'>oculo</span> <span class='ocrx_word' id='word_1_263' title='bbox 933 2256 1181 2300; x_wconf 90' lang='lat' dir='ltr'>admotas</span> <span class='ocrx_word' id='word_1_264' title='bbox 1189 2256 1342 2312; x_wconf 74' lang='lat' dir='ltr'>Juxta</span> <span class='ocrx_word' id='word_1_265' title='bbox 1357 2255 1589 2299; x_wconf 89' lang='lat' dir='ltr'>anterius</span> <span class='ocrx_word' id='word_1_266' title='bbox 1601 2255 1963 2311; x_wconf 91' lang='lat' dir='ltr'>pinnacidium</span> <span class='ocrx_word' id='word_1_267' title='bbox 1976 2255 2128 2299; x_wconf 88' lang='lat' dir='ltr'>fieret</span> <span class='ocrx_word' id='word_1_268' title='bbox 2140 2253 2461 2299; x_wconf 85' lang='lat' dir='ltr'>collineatio:</span> 
     </span>
     <span class='ocr_line' id='line_1_27' title="bbox 260 2331 2464 2388; baseline 0 -14"><span class='ocrx_word' id='word_1_269' title='bbox 260 2334 443 2375; x_wconf 91' lang='lat' dir='ltr'>tamen</span> <span class='ocrx_word' id='word_1_270' title='bbox 471 2332 513 2375; x_wconf 73' lang='lat'>81</span> <span class='ocrx_word' id='word_1_271' title='bbox 542 2332 610 2376; x_wconf 88' lang='lat' dir='ltr'>fic</span> <span class='ocrx_word' id='word_1_272' title='bbox 641 2333 862 2388; x_wconf 87' lang='lat' dir='ltr'>agendo,</span> <span class='ocrx_word' id='word_1_273' title='bbox 892 2334 968 2377; x_wconf 89' lang='lat' dir='ltr'>uti</span> <span class='ocrx_word' id='word_1_274' title='bbox 995 2345 1135 2377; x_wconf 90' lang='lat' dir='ltr'>nunc</span> <span class='ocrx_word' id='word_1_275' title='bbox 1167 2334 1412 2385; x_wconf 87' lang='lat' dir='ltr'>diximus,</span> <span class='ocrx_word' id='word_1_276' title='bbox 1444 2333 1499 2376; x_wconf 91' lang='lat' dir='ltr'>id</span> <span class='ocrx_word' id='word_1_277' title='bbox 1530 2333 1674 2387; x_wconf 91' lang='lat' dir='ltr'>quod</span> <span class='ocrx_word' id='word_1_278' title='bbox 1705 2333 2060 2388; x_wconf 73' lang='lat' dir='ltr'>quaerebatur,</span> <span class='ocrx_word' id='word_1_279' title='bbox 2094 2332 2215 2376; x_wconf 87' lang='lat' dir='ltr'>satis</span> <span class='ocrx_word' id='word_1_280' title='bbox 2246 2331 2464 2387; x_wconf 69' lang='lat' dir='ltr'>praecise</span> 
     </span>
     <span class='ocr_line' id='line_1_28' title="bbox 260 2409 2462 2466; baseline 0.001 -15"><span class='ocrx_word' id='word_1_281' title='bbox 260 2409 524 2464; x_wconf 92' lang='lat' dir='ltr'>provenit;</span> <span class='ocrx_word' id='word_1_282' title='bbox 551 2410 860 2464; x_wconf 80' lang='lat' dir='ltr'>praesertim,</span> <span class='ocrx_word' id='word_1_283' title='bbox 888 2410 979 2454; x_wconf 92' lang='lat' dir='ltr'>ubi</span> <span class='ocrx_word' id='word_1_284' title='bbox 1004 2410 1194 2466; x_wconf 88' lang='lat' dir='ltr'>saepius</span> <span class='ocrx_word' id='word_1_285' title='bbox 1219 2411 1272 2454; x_wconf 92' lang='lat' dir='ltr'>in</span> <span class='ocrx_word' id='word_1_286' title='bbox 1297 2410 1489 2454; x_wconf 78' lang='lat' dir='ltr'>eadem</span> <span class='ocrx_word' id='word_1_287' title='bbox 1515 2410 1655 2454; x_wconf 79' lang='lat' dir='ltr'>stella</span> <span class='ocrx_word' id='word_1_288' title='bbox 1682 2410 1848 2465; x_wconf 85' lang='lat' dir='ltr'>potest</span> <span class='ocrx_word' id='word_1_289' title='bbox 1866 2410 1983 2454; x_wconf 89' lang='lat' dir='ltr'>fieri</span> <span class='ocrx_word' id='word_1_290' title='bbox 2001 2409 2462 2465; x_wconf 88' lang='lat' dir='ltr'>experimentatio;</span> 
     </span>
     <span class='ocr_line' id='line_1_29' title="bbox 262 2486 2465 2543; baseline 0 -14"><span class='ocrx_word' id='word_1_291' title='bbox 262 2487 720 2541; x_wconf 91' lang='lat' dir='ltr'>quemadmodum</span> <span class='ocrx_word' id='word_1_292' title='bbox 746 2487 799 2530; x_wconf 93' lang='lat' dir='ltr'>in</span> <span class='ocrx_word' id='word_1_293' title='bbox 824 2490 965 2531; x_wconf 79' lang='lat' dir='ltr'>nova</span> <span class='ocrx_word' id='word_1_294' title='bbox 992 2488 1095 2540; x_wconf 79' lang='lat' dir='ltr'>illa,</span> <span class='ocrx_word' id='word_1_295' title='bbox 1123 2500 1245 2542; x_wconf 88' lang='lat' dir='ltr'>quae</span> <span class='ocrx_word' id='word_1_296' title='bbox 1270 2490 1542 2543; x_wconf 87' lang='lat' dir='ltr'>perpetuo,</span> <span class='ocrx_word' id='word_1_297' title='bbox 1571 2488 1749 2542; x_wconf 89' lang='lat' dir='ltr'>quoad</span> <span class='ocrx_word' id='word_1_298' title='bbox 1775 2487 1986 2531; x_wconf 89' lang='lat' dir='ltr'>duravit</span> <span class='ocrx_word' id='word_1_299' title='bbox 2007 2487 2235 2532; x_wconf 90' lang='lat' dir='ltr'>eandem</span> <span class='ocrx_word' id='word_1_300' title='bbox 2254 2486 2465 2531; x_wconf 86' lang='lat' dir='ltr'>retinuit</span> 
     </span>
     <span class='ocr_line' id='line_1_30' title="bbox 260 2563 2464 2619; baseline 0.001 -13"><span class='ocrx_word' id='word_1_301' title='bbox 260 2563 314 2606; x_wconf 92' lang='lat' dir='ltr'>in</span> <span class='ocrx_word' id='word_1_302' title='bbox 346 2563 640 2608; x_wconf 90' lang='lat' dir='ltr'>Meridiano</span> <span class='ocrx_word' id='word_1_303' title='bbox 675 2564 1002 2608; x_wconf 88' lang='lat' dir='ltr'>altitudinem</span> <span class='ocrx_word' id='word_1_304' title='bbox 1034 2565 1388 2609; x_wconf 80' lang='lat' dir='ltr'>insensibiliter</span> <span class='ocrx_word' id='word_1_305' title='bbox 1419 2567 1698 2608; x_wconf 90' lang='lat' dir='ltr'>mutatam.</span> <span class='ocrx_word' id='word_1_306' title='bbox 1732 2566 1805 2608; x_wconf 91' lang='lat' dir='ltr'>Ea</span> <span class='ocrx_word' id='word_1_307' title='bbox 1833 2575 1964 2609; x_wconf 90' lang='lat' dir='ltr'>vero</span> <span class='ocrx_word' id='word_1_308' title='bbox 1994 2576 2115 2619; x_wconf 83' lang='lat' dir='ltr'>quae</span> <span class='ocrx_word' id='word_1_309' title='bbox 2147 2565 2212 2609; x_wconf 90' lang='lat' dir='ltr'>de</span> <span class='ocrx_word' id='word_1_310' title='bbox 2244 2564 2347 2608; x_wconf 89' lang='lat' dir='ltr'>hac</span> <span class='ocrx_word' id='word_1_311' title='bbox 2379 2576 2464 2608; x_wconf 87' lang='lat' dir='ltr'>ex-</span> 
     </span>
     <span class='ocr_line' id='line_1_31' title="bbox 262 2640 2465 2696; baseline 0 -12"><span class='ocrx_word' id='word_1_312' title='bbox 262 2641 423 2696; x_wconf 92' lang='lat' dir='ltr'>empli</span> <span class='ocrx_word' id='word_1_313' title='bbox 441 2642 578 2693; x_wconf 92' lang='lat' dir='ltr'>loco,</span> <span class='ocrx_word' id='word_1_314' title='bbox 603 2641 688 2684; x_wconf 89' lang='lat' dir='ltr'>hic</span> <span class='ocrx_word' id='word_1_315' title='bbox 711 2640 849 2684; x_wconf 71' lang='lat' dir='ltr'>ditsta</span> <span class='ocrx_word' id='word_1_316' title='bbox 869 2641 998 2693; x_wconf 88' lang='lat' dir='ltr'>sunt,</span> <span class='ocrx_word' id='word_1_317' title='bbox 1019 2642 1218 2696; x_wconf 89' lang='lat' dir='ltr'>pariter</span> <span class='ocrx_word' id='word_1_318' title='bbox 1237 2642 1302 2685; x_wconf 92' lang='lat' dir='ltr'>de</span> <span class='ocrx_word' id='word_1_319' title='bbox 1324 2641 1551 2685; x_wconf 89' lang='lat' dir='ltr'>aliorum</span> <span class='ocrx_word' id='word_1_320' title='bbox 1572 2641 1798 2685; x_wconf 76' lang='lat' dir='ltr'>siderum</span> <span class='ocrx_word' id='word_1_321' title='bbox 1818 2641 2176 2686; x_wconf 86' lang='lat' dir='ltr'>altitudinibus</span> <span class='ocrx_word' id='word_1_322' title='bbox 2196 2641 2465 2686; x_wconf 91' lang='lat' dir='ltr'>dimetien-</span> 
     </span>
     <span class='ocr_line' id='line_1_32' title="bbox 263 2717 2465 2775; baseline 0.001 -14"><span class='ocrx_word' id='word_1_323' title='bbox 263 2718 357 2771; x_wconf 94' lang='lat' dir='ltr'>dis,</span> <span class='ocrx_word' id='word_1_324' title='bbox 386 2729 450 2761; x_wconf 90' lang='lat' dir='ltr'>ac</span> <span class='ocrx_word' id='word_1_325' title='bbox 477 2718 680 2761; x_wconf 87' lang='lat' dir='ltr'>sextam</span> <span class='ocrx_word' id='word_1_326' title='bbox 700 2718 890 2762; x_wconf 90' lang='lat' dir='ltr'>Circuli</span> <span class='ocrx_word' id='word_1_327' title='bbox 915 2722 1125 2773; x_wconf 91' lang='lat' dir='ltr'>partem</span> <span class='ocrx_word' id='word_1_328' title='bbox 1150 2730 1257 2762; x_wconf 92' lang='lat' dir='ltr'>non</span> <span class='ocrx_word' id='word_1_329' title='bbox 1283 2717 1660 2762; x_wconf 89' lang='lat' dir='ltr'>excedentibus</span> <span class='ocrx_word' id='word_1_330' title='bbox 1686 2719 2018 2775; x_wconf 89' lang='lat' dir='ltr'>intelligenda</span> <span class='ocrx_word' id='word_1_331' title='bbox 2042 2719 2279 2763; x_wconf 88' lang='lat' dir='ltr'>veniunt:</span> <span class='ocrx_word' id='word_1_332' title='bbox 2306 2719 2465 2774; x_wconf 92' lang='lat' dir='ltr'>idque</span> 
     </span>
     <span class='ocr_line' id='line_1_33' title="bbox 262 2795 2462 2851; baseline 0.001 -13"><span class='ocrx_word' id='word_1_333' title='bbox 262 2807 370 2840; x_wconf 92' lang='lat' dir='ltr'>non</span> <span class='ocrx_word' id='word_1_334' title='bbox 390 2796 589 2847; x_wconf 86' lang='lat' dir='ltr'>saltem,</span> <span class='ocrx_word' id='word_1_335' title='bbox 612 2807 737 2839; x_wconf 91' lang='lat' dir='ltr'>cum</span> <span class='ocrx_word' id='word_1_336' title='bbox 755 2795 809 2839; x_wconf 91' lang='lat' dir='ltr'>in</span> <span class='ocrx_word' id='word_1_337' title='bbox 828 2795 1121 2840; x_wconf 91' lang='lat' dir='ltr'>meridiano</span> <span class='ocrx_word' id='word_1_338' title='bbox 1144 2796 1272 2848; x_wconf 89' lang='lat' dir='ltr'>sunt,</span> <span class='ocrx_word' id='word_1_339' title='bbox 1295 2795 1383 2839; x_wconf 92' lang='lat' dir='ltr'>sed</span> <span class='ocrx_word' id='word_1_340' title='bbox 1402 2795 1564 2839; x_wconf 91' lang='lat' dir='ltr'>etiam</span> <span class='ocrx_word' id='word_1_341' title='bbox 1583 2795 1636 2839; x_wconf 91' lang='lat' dir='ltr'>in</span> <span class='ocrx_word' id='word_1_342' title='bbox 1657 2796 1845 2851; x_wconf 92' lang='lat' dir='ltr'>quovis</span> <span class='ocrx_word' id='word_1_343' title='bbox 1862 2796 1966 2840; x_wconf 92' lang='lat' dir='ltr'>alio</span> <span class='ocrx_word' id='word_1_344' title='bbox 1981 2796 2188 2841; x_wconf 92' lang='lat' dir='ltr'>Circulo</span> <span class='ocrx_word' id='word_1_345' title='bbox 2203 2796 2462 2850; x_wconf 81' lang='lat' dir='ltr'>verticali3</span> 
     </span>
     <span class='ocr_line' id='line_1_34' title="bbox 263 2871 2463 2929; baseline 0.001 -13"><span class='ocrx_word' id='word_1_346' title='bbox 263 2874 315 2916; x_wconf 91' lang='lat' dir='ltr'>in</span> <span class='ocrx_word' id='word_1_347' title='bbox 340 2873 571 2929; x_wconf 89' lang='lat' dir='ltr'>ejusdem</span> <span class='ocrx_word' id='word_1_348' title='bbox 597 2873 849 2916; x_wconf 90' lang='lat' dir='ltr'>nimirum</span> <span class='ocrx_word' id='word_1_349' title='bbox 873 2874 1092 2927; x_wconf 91' lang='lat' dir='ltr'>planum</span> <span class='ocrx_word' id='word_1_350' title='bbox 1117 2871 1317 2916; x_wconf 64' lang='lat' dir='ltr'>directo</span> <span class='ocrx_word' id='word_1_351' title='bbox 1337 2872 1669 2917; x_wconf 86' lang='lat' dir='ltr'>Instrumenti</span> <span class='ocrx_word' id='word_1_352' title='bbox 1692 2874 1873 2929; x_wconf 89' lang='lat' dir='ltr'>plano;</span> <span class='ocrx_word' id='word_1_353' title='bbox 1903 2873 1945 2916; x_wconf 76' lang='grc' dir='ltr'>ἃ</span> <span class='ocrx_word' id='word_1_354' title='bbox 1971 2873 2218 2918; x_wconf 92' lang='lat' dir='ltr'>omnibus</span> <span class='ocrx_word' id='word_1_355' title='bbox 2243 2873 2374 2918; x_wconf 87' lang='lat' dir='ltr'>alias</span> <span class='ocrx_word' id='word_1_356' title='bbox 2394 2874 2463 2918; x_wconf 83' lang='lat' dir='ltr'>fic</span> 
     </span>
     <span class='ocr_line' id='line_1_35' title="bbox 264 2949 1306 3005; baseline 0 -12"><span class='ocrx_word' id='word_1_357' title='bbox 264 2950 533 3003; x_wconf 89' lang='lat' dir='ltr'>ordinatis,</span> <span class='ocrx_word' id='word_1_358' title='bbox 554 2953 713 3005; x_wconf 93' lang='lat' dir='ltr'>prout</span> <span class='ocrx_word' id='word_1_359' title='bbox 733 2953 890 2993; x_wconf 90' lang='lat' dir='ltr'>antea</span> <span class='ocrx_word' id='word_1_360' title='bbox 909 2950 1200 2995; x_wconf 86' lang='lat' dir='ltr'>indicatum</span> <span class='ocrx_word' id='word_1_361' title='bbox 1220 2949 1306 2994; x_wconf 87' lang='lat' dir='ltr'>est.</span> 
     </span>
    </p>

    <p class='ocr_par' dir='ltr' id='par_1_3' title="bbox 264 3026 2466 3390">
     <span class='ocr_line' id='line_1_36' title="bbox 337 3026 2465 3083; baseline 0 -13"><span class='ocrx_word' id='word_1_362' title='bbox 337 3027 510 3071; x_wconf 91' lang='lat' dir='ltr'>USUS</span> <span class='ocrx_word' id='word_1_363' title='bbox 536 3027 692 3082; x_wconf 77' lang='lat' dir='ltr'>huJus</span> <span class='ocrx_word' id='word_1_364' title='bbox 712 3027 1042 3071; x_wconf 83' lang='lat' dir='ltr'>Instrumenti</span> <span class='ocrx_word' id='word_1_365' title='bbox 1061 3028 1223 3071; x_wconf 90' lang='lat' dir='ltr'>etiam</span> <span class='ocrx_word' id='word_1_366' title='bbox 1243 3027 1296 3070; x_wconf 91' lang='lat' dir='ltr'>in</span> <span class='ocrx_word' id='word_1_367' title='bbox 1314 3027 1685 3071; x_wconf 86' lang='lat' dir='ltr'>Altitudinibus</span> <span class='ocrx_word' id='word_1_368' title='bbox 1706 3027 2068 3083; x_wconf 88' lang='lat' dir='ltr'>dignoscendis</span> <span class='ocrx_word' id='word_1_369' title='bbox 2087 3039 2155 3071; x_wconf 92' lang='lat' dir='ltr'>ex</span> <span class='ocrx_word' id='word_1_370' title='bbox 2174 3030 2296 3072; x_wconf 90' lang='lat' dir='ltr'>ante</span> <span class='ocrx_word' id='word_1_371' title='bbox 2316 3026 2465 3072; x_wconf 72' lang='lat' dir='ltr'>dictis</span> 
     </span>
     <span class='ocr_line' id='line_1_37' title="bbox 265 3103 2464 3162; baseline 0 -15"><span class='ocrx_word' id='word_1_372' title='bbox 265 3105 332 3147; x_wconf 85' lang='lat' dir='ltr'>fic</span> <span class='ocrx_word' id='word_1_373' title='bbox 353 3107 518 3159; x_wconf 87' lang='lat' dir='ltr'>patet:</span> <span class='ocrx_word' id='word_1_374' title='bbox 542 3104 788 3159; x_wconf 89' lang='lat' dir='ltr'>quamvis</span> <span class='ocrx_word' id='word_1_375' title='bbox 806 3104 882 3162; x_wconf 88' lang='lat' dir='ltr'>(ut</span> <span class='ocrx_word' id='word_1_376' title='bbox 901 3105 1079 3148; x_wconf 91' lang='lat' dir='ltr'>dicam</span> <span class='ocrx_word' id='word_1_377' title='bbox 1098 3104 1152 3148; x_wconf 93' lang='lat' dir='ltr'>id</span> <span class='ocrx_word' id='word_1_378' title='bbox 1172 3104 1315 3159; x_wconf 91' lang='lat' dir='ltr'>quod</span> <span class='ocrx_word' id='word_1_379' title='bbox 1333 3115 1419 3148; x_wconf 91' lang='lat' dir='ltr'>res</span> <span class='ocrx_word' id='word_1_380' title='bbox 1439 3103 1529 3162; x_wconf 86' lang='lat' dir='ltr'>est)</span> <span class='ocrx_word' id='word_1_381' title='bbox 1546 3115 1642 3159; x_wconf 89' lang='lat' dir='ltr'>per</span> <span class='ocrx_word' id='word_1_382' title='bbox 1661 3104 1996 3157; x_wconf 85' lang='lat' dir='ltr'>Quadrantes</span> <span class='ocrx_word' id='word_1_383' title='bbox 2015 3116 2125 3157; x_wconf 78' lang='lat' dir='ltr'>eoS,</span> <span class='ocrx_word' id='word_1_384' title='bbox 2145 3104 2464 3160; x_wconf 84' lang='lat' dir='ltr'>potissimum</span> 
     </span>
     <span class='ocr_line' id='line_1_38' title="bbox 265 3180 2465 3238; baseline 0 -14"><span class='ocrx_word' id='word_1_385' title='bbox 265 3181 512 3237; x_wconf 89' lang='lat' dir='ltr'>majores,</span> <span class='ocrx_word' id='word_1_386' title='bbox 541 3193 770 3236; x_wconf 93' lang='lat' dir='ltr'>quorum</span> <span class='ocrx_word' id='word_1_387' title='bbox 790 3182 905 3238; x_wconf 88' lang='lat' dir='ltr'>jam</span> <span class='ocrx_word' id='word_1_388' title='bbox 932 3185 1089 3226; x_wconf 88' lang='lat' dir='ltr'>antea</span> <span class='ocrx_word' id='word_1_389' title='bbox 1114 3181 1441 3225; x_wconf 90' lang='lat' dir='ltr'>mentionem</span> <span class='ocrx_word' id='word_1_390' title='bbox 1466 3180 1583 3234; x_wconf 90' lang='lat' dir='ltr'>feci,</span> <span class='ocrx_word' id='word_1_391' title='bbox 1610 3181 1833 3237; x_wconf 87' lang='lat' dir='ltr'>idipsum</span> <span class='ocrx_word' id='word_1_392' title='bbox 1861 3181 2053 3226; x_wconf 89' lang='lat' dir='ltr'>minori</span> <span class='ocrx_word' id='word_1_393' title='bbox 2078 3181 2289 3238; x_wconf 89' lang='lat' dir='ltr'>negotio</span> <span class='ocrx_word' id='word_1_394' title='bbox 2312 3181 2354 3224; x_wconf 77' lang='grc' dir='ltr'>ἃ</span> <span class='ocrx_word' id='word_1_395' title='bbox 2378 3181 2465 3225; x_wconf 90' lang='lat' dir='ltr'>ad-</span> 
     </span>
     <span class='ocr_line' id='line_1_39' title="bbox 265 3257 2466 3314; baseline 0.001 -14"><span class='ocrx_word' id='word_1_396' title='bbox 265 3257 369 3301; x_wconf 92' lang='lat' dir='ltr'>huc</span> <span class='ocrx_word' id='word_1_397' title='bbox 396 3258 663 3312; x_wconf 88' lang='lat' dir='ltr'>praecifius</span> <span class='ocrx_word' id='word_1_398' title='bbox 683 3259 872 3313; x_wconf 93' lang='lat' dir='ltr'>exequi</span> <span class='ocrx_word' id='word_1_399' title='bbox 890 3258 1061 3302; x_wconf 91' lang='lat' dir='ltr'>liceat.</span> <span class='ocrx_word' id='word_1_400' title='bbox 1083 3258 1284 3302; x_wconf 90' lang='lat' dir='ltr'>Verum</span> <span class='ocrx_word' id='word_1_401' title='bbox 1304 3269 1430 3302; x_wconf 91' lang='lat' dir='ltr'>cum</span> <span class='ocrx_word' id='word_1_402' title='bbox 1447 3257 1575 3301; x_wconf 85' lang='lat' dir='ltr'>talia</span> <span class='ocrx_word' id='word_1_403' title='bbox 1596 3269 1812 3313; x_wconf 90' lang='lat' dir='ltr'>organa,</span> <span class='ocrx_word' id='word_1_404' title='bbox 1839 3270 1961 3314; x_wconf 86' lang='lat' dir='ltr'>quae</span> <span class='ocrx_word' id='word_1_405' title='bbox 1982 3259 2276 3303; x_wconf 92' lang='lat' dir='ltr'>admodum</span> <span class='ocrx_word' id='word_1_406' title='bbox 2297 3258 2466 3313; x_wconf 89' lang='lat' dir='ltr'>sump-</span> 
     </span>
     <span class='ocr_line' id='line_1_40' title="bbox 264 3333 2466 3390; baseline 0 -14"><span class='ocrx_word' id='word_1_407' title='bbox 264 3334 415 3377; x_wconf 88' lang='lat' dir='ltr'>tuosa</span> <span class='ocrx_word' id='word_1_408' title='bbox 441 3334 569 3386; x_wconf 88' lang='lat' dir='ltr'>sunt,</span> <span class='ocrx_word' id='word_1_409' title='bbox 598 3335 667 3378; x_wconf 92' lang='lat' dir='ltr'>ad</span> <span class='ocrx_word' id='word_1_410' title='bbox 693 3347 884 3378; x_wconf 91' lang='lat' dir='ltr'>manus</span> <span class='ocrx_word' id='word_1_411' title='bbox 910 3335 1025 3390; x_wconf 92' lang='lat' dir='ltr'>quis</span> <span class='ocrx_word' id='word_1_412' title='bbox 1051 3346 1158 3379; x_wconf 92' lang='lat' dir='ltr'>non</span> <span class='ocrx_word' id='word_1_413' title='bbox 1182 3334 1396 3386; x_wconf 90' lang='lat' dir='ltr'>habeat,</span> <span class='ocrx_word' id='word_1_414' title='bbox 1423 3333 1545 3386; x_wconf 90' lang='lat' dir='ltr'>hoc,</span> <span class='ocrx_word' id='word_1_415' title='bbox 1574 3334 1639 3377; x_wconf 92' lang='lat' dir='ltr'>de</span> <span class='ocrx_word' id='word_1_416' title='bbox 1665 3345 1771 3389; x_wconf 92' lang='lat' dir='ltr'>quo</span> <span class='ocrx_word' id='word_1_417' title='bbox 1794 3346 1934 3379; x_wconf 92' lang='lat' dir='ltr'>nunc</span> <span class='ocrx_word' id='word_1_418' title='bbox 1955 3335 2172 3390; x_wconf 89' lang='lat' dir='ltr'>egimus,</span> <span class='ocrx_word' id='word_1_419' title='bbox 2199 3338 2292 3378; x_wconf 89' lang='lat' dir='ltr'>aut</span> <span class='ocrx_word' id='word_1_420' title='bbox 2316 3333 2466 3378; x_wconf 81' lang='lat' dir='ltr'>simili</span> 
     </span>
    </p>
   </div>
   <div class='ocr_carea' id='block_1_3' title="bbox 2182 3416 2466 3480">
    <p class='ocr_par' dir='ltr' id='par_1_4' title="bbox 2182 3416 2466 3480">
     <span class='ocr_line' id='line_1_41' title="bbox 2182 3416 2466 3480; baseline -0.004 -13"><span class='ocrx_word' id='word_1_421' title='bbox 2182 3416 2466 3480; x_wconf 90' lang='lat' dir='ltr'>quopiam</span> 
     </span>
    </p>
   </div>
   <div class='ocr_carea' id='block_1_4' title="bbox 2514 1099 2557 1135">
    <p class='ocr_par' dir='ltr' id='par_1_5' title="bbox 2514 1099 2557 1135">
     <span class='ocr_line' id='line_1_42' title="bbox 2514 1099 2557 1135; baseline 0 0"><span class='ocrx_word' id='word_1_422' title='bbox 2514 1099 2557 1135; x_wconf 89' lang='lat'>10</span> 
     </span>
    </p>
   </div>
   <div class='ocr_carea' id='block_1_5' title="bbox 2515 1485 2558 1520">
    <p class='ocr_par' dir='ltr' id='par_1_6' title="bbox 2515 1485 2558 1520">
     <span class='ocr_line' id='line_1_43' title="bbox 2515 1485 2558 1520; baseline 0 0"><span class='ocrx_word' id='word_1_423' title='bbox 2515 1485 2558 1520; x_wconf 83' lang='lat'>15</span> 
     </span>
    </p>
   </div>
   <div class='ocr_carea' id='block_1_6' title="bbox 2512 2258 2559 2294">
    <p class='ocr_par' dir='ltr' id='par_1_7' title="bbox 2512 2258 2559 2294">
     <span class='ocr_line' id='line_1_44' title="bbox 2512 2258 2559 2294; baseline 0.021 -1"><span class='ocrx_word' id='word_1_424' title='bbox 2512 2258 2559 2294; x_wconf 82' lang='lat'>2⁵</span> 
     </span>
    </p>
   </div>
   <div class='ocr_carea' id='block_1_7' title="bbox 2513 3029 2561 3064">
    <p class='ocr_par' dir='ltr' id='par_1_8' title="bbox 2513 3029 2561 3064">
     <span class='ocr_line' id='line_1_45' title="bbox 2513 3029 2561 3064; baseline 0 0"><span class='ocrx_word' id='word_1_425' title='bbox 2513 3029 2561 3064; x_wconf 82' lang='lat'>35</span> 
     </span>
    </p>
   </div>
  </div>
 </body>
</html>
