2638 3952
390 285 2179 342 JxSTffzcuss()h1LA3IPQSTDatJRuxTQE:RAEEKDP1AJQICLA.
2323 288 2391 339 65

57 429 153 472 C4‘
712 431 1263 494 EXPLICATIO
1294 431 1720 493 FABRICAE
1749 431 1862 492 ET

1162 532 1400 594 VSVS.

624 658 724 702 TSI
747 658 887 702 binae
908 657 1176 702 machinae
1191 657 1536 700 Armillarum
1550 657 1992 711 AEquatoriarum
2007 657 2122 712 Jam
2139 661 2291 700 antea
2310 658 2394 701 de-

627 734 782 790 pic’tae
802 735 843 778 ἃ
864 735 1131 790 expofitae‚
1159 735 1300 791 (quae
1326 733 1488 778 etiam
1516 746 1711 789 magno
1739 733 1893 778 nobis
1919 733 2277 791 constiterunt)
2306 734 2391 785 illi,

628 812 694 855 de
715 823 821 866 quo
842 812 964 864 dixi,
985 812 1098 855 usui
1117 811 1238 855 satis
1258 810 1443 855 exacte
1463 811 1766 863 inserviant;
1790 810 2037 854 adinveni
2056 811 2394 854 nihilominus

625 889 806 944 postea
821 889 862 932 81
876 889 1104 933 construi
1125 889 1325 940 curavi,
1349 889 1481 932 alias
1503 889 1760 943 quasdam
1781 887 2121 942 paucioribus
2140 888 2395 943 requisitis

625 965 937 1021 indigentes;
959 969 1142 1021 utpote
1163 965 1321 1010 unica
1342 965 1677 1009 solummodo
1692 964 1910 1007 Armilla
1931 965 2132 1020 integra
2147 966 2397 1009 convolu-

181 1128 302 1171 quae
323 1118 388 1161 de
407 1118 674 1173 prioribus
694 1119 816 1172 dixi,
839 1132 948 1164 non
963 1121 1147 1164 saltem
1162 1121 1451 1164 commode
1466 1119 1836 1174 expediuntur;
1862 1119 1948 1163 sed
1963 1120 2004 1162 ἃ
2018 1120 2172 1175 longe
2186 1131 2397 1174 promp-

91 1201 133 1236 10
180 1193 298 1247 tius,
327 1196 579 1251 nulloque
600 1196 894 1249 obstaculo;
924 1197 1068 1252 quod
1089 1198 1463 1242 antecedentes
1484 1197 1739 1253 ingerunt,
1769 1197 1805 1239 si
1832 1208 1998 1251 prope
2024 1197 2191 1251 ipsam
2211 1197 2396 1239 Armil-

180 1272 289 1315 lam
305 1272 686 1328 AEquatoriam
706 1274 822 1318 fieri
842 1274 1000 1319 debet
1019 1275 1324 1319 collimatio.
1346 1275 1491 1319 Tunc
1513 1275 1656 1318 enim
1676 1274 1912 1318 anterior
1925 1274 2036 1330 ejus
2052 1286 2179 1329 pars
2191 1274 2397 1317 intuitui

181 1349 369 1394 obstat:
393 1352 850 1406 quemadmodum
870 1351 1032 1396 etiam
1052 1352 1106 1395 in
1125 1352 1555 1396 Declinationum
1573 1351 1795 1395 Armilla
1814 1362 1981 1406 prope
2000 1351 2168 1406 ipsum
2189 1351 2390 1406 AEqua-

179 1430 354 1471 torem
375 1428 603 1472 difficilis
622 1429 682 1472 fit
701 1429 1015 1482 collimati03
1037 1432 1096 1472 ut
1115 1430 1182 1473 de
1202 1429 1316 1485 alijs
1337 1430 1652 1484 quibusdam
1668 1428 2061 1484 impedimentis
2075 1440 2183 1472 non
2198 1429 2392 1480 dicam,

186 1504 400 1560 Habent
424 1505 512 1549 hae
538 1507 721 1550 alterae
747 1506 800 1549 id
825 1506 1034 1561 insuper
1053 1508 1442 1562 praerogativae‚
1471 1507 1615 1561 quod
1634 1507 1787 1562 longe
1807 1506 2040 1561 majores
2061 1506 2255 1550 confici
2276 1519 2396 1561 que-

92 1589 135 1624 15
184 1586 295 1625 ant:
326 1583 558 1638 Ideoque
579 1583 788 1627 Gradus
809 1595 934 1627 cum
955 1583 1056 1627 suis
1077 1583 1416 1628 divisionibus
1443 1584 1612 1639 magis
1636 1583 1812 1627 adhuc
1833 1583 2053 1627 discrete
2074 1584 2326 1636 exhiberi,
2354 1585 2394 1627 81

184 1659 523 1706 nihilominus
543 1661 634 1704 sua
655 1661 930 1704 stabilitate
950 1662 991 1704 ἃ
1012 1661 1389 1705 convolutione
1408 1661 1520 1704 usui
1543 1661 1919 1705 accommodae
1939 1660 2059 1704 esse:
2088 1661 2246 1715 idque
2271 1661 2396 1704 faci-

184 1737 285 1781 lius
312 1750 476 1792 quam
503 1739 892 1782 antecedentes.
922 1738 1115 1783 Forma
1135 1750 1264 1783 vero
1292 1739 1485 1782 harum
1511 1738 1800 1794 ingentium
1820 1738 1861 1780 81
1883 1737 2123 1792 apprime
2149 1749 2397 1792 compen-

186 1814 454 1859 diosarum
472 1816 818 1859 Armillarum
838 1815 958 1860 haec
980 1816 1067 1868 est,
1089 1828 1255 1871 quam
1275 1815 1361 1859 hic
1383 1816 1716 1859 exhibemus:
1741 1818 2000 1870 quatenus
2021 1826 2142 1858 eam
2161 1815 2215 1858 in
2235 1816 2395 1870 plano

185 1893 565 1947 repraesentare
585 1893 743 1936 licuit.
768 1893 815 1935 Α
834 1893 1002 1937 literae
1023 1892 1320 1936 maximam
1340 1893 1618 1936 Armillam
1637 1892 1887 1944 indicant,
1915 1904 2036 1947 quae
2055 1893 2395 1947 undiquaque

90 1974 136 2009 20
186 1968 533 2013 Orichalcicis
558 1970 769 2013 laminis
798 1970 1003 2013 munita
1031 1970 1085 2013 in
1113 1970 1375 2014 diametro
1405 1970 1567 2014 habet
1597 1971 1639 2013 7.
1671 1969 1893 2014 cubitos.
1926 1970 2156 2024 Ideoque
2188 1969 2396 2013 Gradus

184 2049 378 2099 tantos,
405 2050 463 2090 ut
489 2047 683 2103 singula
710 2047 914 2091 minuta
941 2047 1324 2102 quadrifariam
1353 2046 1763 2091 subdividantur.
1792 2047 1919 2090 Axis
1945 2047 2056 2102 ejus
2078 2047 2115 2088 B
2138 2058 2167 2089 e
2188 2046 2396 2090 chalibe

186 2123 446 2176 constans,
481 2125 522 2167 ἃ
553 2124 894 2179 undiquaque
928 2124 1168 2179 apprime
1199 2127 1359 2176 teres;
1393 2124 1610 2168 interius
1639 2127 1822 2168 tamen
1851 2135 2033 2175 cavus,
2067 2136 2133 2168 ne
2161 2124 2397 2179 pondere

187 2200 403 2253 officiat,
434 2200 488 2244 in
513 2201 776 2245 diametro
804 2201 875 2245 est
899 2201 1062 2245 trium
1089 2201 1372 2257 digitorum
1398 2201 1483 2245 cui
1509 2201 1654 2245 circa
1678 2201 2021 2245 medietatem
2048 2201 2278 2257 affigitur
2303 2201 2398 2256 Cy-

186 2277 386 2322 lindrus
407 2278 773 2322 Orichalcicus
791 2281 948 2330 teres,
971 2279 1116 2323 circa
1138 2290 1298 2334 quem
1318 2279 1561 2334 proxime
1582 2280 1725 2334 apud
1744 2280 1915 2323 Axem
1935 2279 2222 2323 volvuntur
2240 2279 2398 2322 utrin-

92 2360 139 2395 25
189 2366 291 2410 que
312 2355 451 2399 binae
473 2356 681 2411 Regulae
702 2355 1055 2400 Orichalcicae
1075 2356 1171 2399 EF.
1198 2356 1351 2400 quta
1372 2356 1407 2399 F
1427 2357 1569 2412 apud
1591 2356 1922 2412 superficiem
1941 2356 2179 2400 Armillae
2199 2356 2397 2400 habent

186 2432 489 2487 pinnacidia
514 2444 610 2487 per
632 2432 883 2488 Dioptras
908 2433 1168 2478 rimarum
1193 2434 1284 2489 ipfi
1306 2434 1553 2489 Cylindro
1580 2435 1972 2489 parallelarum.
2005 2433 2219 2488 Reliqua
2245 2433 2398 2476 inter-

187 2508 319 2552 stitia
340 2521 462 2564 quae
481 2509 631 2553 vides
651 2511 794 2565 apud
817 2510 996 2568 literas
1017 2510 1062 2554 G
1083 2511 1197 2554 sunt
1215 2510 1441 2555 transtra
1462 2511 1566 2554 sive
1586 2510 2004 2566 contignationes
2023 2514 2195 2554 totam
2214 2510 2400 2553 Armil-

188 2587 298 2629 lam
318 2586 647 2631 continentes
666 2588 708 2630 ἃ
728 2586 1054 2639 cohibentes,
1077 2599 1143 2631 ne
1165 2600 1197 2631 a
1217 2588 1306 2631 sua
1327 2588 1650 2632 rotunditate
1665 2589 1705 2631 81
1721 2589 1879 2644 plano
1897 2589 1964 2632 ob
1983 2587 2400 2643 magnitudinem

188 2663 539 2707 dimoveatur.
564 2664 786 2708 Inferius
800 2664 953 2720 juxta
974 2665 1020 2707 D
1042 2665 1223 2708 definit
1241 2665 1368 2709 Axis
1387 2665 1442 2708 in
1462 2677 1691 2709 acumen
1709 2669 1865 2717 teres,
1888 2677 1953 2709 ex
1974 2665 2115 2709 ferro
2137 2665 2399 2719 quadrato

189 2740 470 2795 chalybeo,
499 2741 704 2785 habens
725 2741 888 2784 simile
908 2742 1275 2785 acuminatum
1296 2742 1557 2795 foramen,
1587 2743 1730 2798 quod
1750 2754 1846 2798 per
1865 2742 2116 2786 cochleas
2136 2742 2257 2785 hinc
2279 2742 2400 2785 inde

189 2818 470 2872 appositas,
492 2817 658 2873 potest
678 2819 953 2873 paululum
974 2819 1130 2872 trudi,
1154 2830 1259 2874 quo
1280 2819 1438 2863 lubet.
1463 2819 1600 2864 Huic
1621 2820 1856 2864 innititur
1867 2819 1995 2863 Axis
2014 2819 2099 2863 ille
2118 2822 2258 2862 teres
2278 2830 2400 2863 con·

187 2893 374 2946 tineus,
407 2906 620 2949 unaque
650 2896 977 2939 convolvens
1008 2898 1181 2940 totam
1206 2896 1500 2940 Armillam.
1536 2897 1711 2952 Ipsum
1736 2908 1866 2940 vero
1900 2896 2102 2940 sermm
2133 2895 2256 2940 huic
2290 2896 2400 2939 sub-

191 2969 425 3023 stratum,
452 2971 683 3026 infigitur
702 2973 970 3016 columnae
996 2972 1222 3028 lapideae
1248 2985 1460 3029 magnae
1481 2974 1522 3017 81
1542 2975 1730 3029 longae‚
1757 2973 1800 3017 4.
1824 2973 2141 3024 cubitorum,
2171 2985 2398 3027 quarum

191 3046 331 3091 binae
350 3047 488 3091 infra
506 3051 710 3092 terram
729 3048 887 3092 firmo
907 3049 1257 3094 fundamento
1277 3050 1486 3102 instant;
1508 3050 1726 3105 reliquae
1747 3051 1869 3094 duae
1890 3050 2123 3105 superius
2143 3050 2400 3093 habentes

98 3130 144 3165 35
194 3123 261 3167 ab
283 3124 547 3168 anteriore
567 3128 718 3180 parte
731 3125 955 3169 Atlantis
973 3126 1310 3171 Mauritaniae
1328 3127 1474 3182 Regis
1494 3127 1725 3182 effigiem
1745 3127 1783 3179 Ι,
1804 3127 1858 3170 in
1877 3127 2069 3170 eodem
2088 3127 2263 3181 lapide
2283 3126 2401 3169 arti-

192 3200 435 3244 ficialiter
459 3202 713 3246 excisam:
746 3203 834 3256 qui
860 3205 1061 3246 corona
1088 3203 1178 3246 sua
1205 3203 1456 3259 contingit
1483 3204 1712 3247 Globum
1738 3204 2006 3258 lapideum
2035 3203 2100 3255 H,
2132 3204 2399 3246 columnae

194 3277 427 3332 superius
460 3282 679 3322 ornatus
711 3279 883 3323 caussa
922 3280 1245 3335 impositum:
1286 3281 1530 3335 suprema
1562 3292 1691 3324 vero
1723 3280 1850 3323 Axis
1887 3291 2012 3334 pars
2045 3281 2194 3323 alteri
2225 3278 2398 3323 ferreo

199 3353 364 3398 fulcro
386 3355 537 3410 juxta
558 3355 595 3397 C
616 3356 893 3400 incumbit:
923 3357 1065 3410 quod
1091 3357 1306 3401 inferius
1334 3357 1656 3400 bifurcatum
1684 3357 1754 3401 est
1774 3358 1925 3412 juxta
1948 3357 2009 3408 K,
2036 3357 2321 3411 transitque
2346 3356 2398 3399 in

336 3432 359 3466 9
2248 3435 2398 3487 duos

93 2668 140 2781 8-1·
