2638 3952
72 409 175 451 E2r

102 1245 145 1280 10

102 1660 145 1695 15

97 2076 145 2111 20

97 2492 144 2526 25

96 2907 144 2942 30

100 3321 146 3356 35

400 267 1011 321 ASTRONOMIAE
1038 266 1605 319 INSTAURATAE
1631 268 2181 321 MECHANICA
2326 271 2395 322 89

719 412 1268 473 EXPLICATIO
1304 412 1728 473 FABRICAE
1761 413 1875 473 ET

724 513 730 517 ”
1177 518 1416 580 VSVS.

535 624 565 649 ι(
606 693 621 711 2
673 655 1051 699 VADRANTIS
1081 654 1216 698 illius
1243 654 1479 710 ingentis,
1514 667 1674 709 quem
1704 659 1826 699 ante
1856 667 2024 700 annos
2053 657 2125 700 26.
2158 658 2210 700 in
2239 658 2395 702 horto

675 739 891 783 Domini
910 738 1052 781 Pauli
1074 737 1332 793 Hainzelij
1362 738 1504 792 apud
1526 738 1790 793 praedium
1811 739 1923 794 ejus
1945 739 2139 783 semisse
2161 740 2397 784 milliaris

675 821 1308 877 AugustaVindelicorum
1329 820 1546 864 distante
1568 822 1787 865 confieri
1808 822 2048 915 fecimus,
2071 823 2215 866 lubet
2235 824 2396 867 etiam

606 984 618 989 ”
677 988 813 1043 plius
842 999 949 1032 non
978 987 1160 1040 exstet;
1192 987 1279 1031 sed
1309 988 1486 1042 elapso
1517 987 1584 1031 ab
1615 988 1726 1043 eJus
1756 987 2010 1032 structura
2040 990 2396 1044 quinquennio

195 1071 456 1115 desolatus
487 1071 564 1115 sit:
597 1071 964 1123 Nihilominus,
996 1072 1031 1114 si
1061 1071 1148 1115 cui
1175 1071 1403 1114 lubuerit
1431 1071 1651 1114 similem
1682 1071 1908 1115 construi
1935 1083 2140 1124 curare,
2170 1076 2228 1116 ut
2254 1075 2396 1128 quod

193 1154 439 1206 imitetur,
472 1154 684 1206 habeat,
715 1155 752 1197 fi
779 1154 920 1198 hanc
951 1153 1343 1198 instructionem
1373 1154 1644 1206 addidero,
1679 1166 1766 1198 me
1797 1155 2207 1210 operaepretium
2236 1156 2397 1200 factu-

193 1249 314 1280 rum
335 1237 578 1281 arbitror.
604 1238 1022 1292 Repraesentatur
1041 1237 1128 1281 hic
1147 1237 1427 1289 Quadrans
1446 1249 1541 1292 per
1559 1238 1644 1281 AC
1657 1238 1694 1280 Β
1713 1250 1820 1280 una
1841 1249 1966 1281 cum
1987 1238 2086 1282 suis
2106 1239 2396 1283 intertextis

194 1320 687 1376 contignationibus.
727 1322 956 1375 Eratque
986 1323 1128 1364 totus
1160 1331 1190 1363 e
1222 1320 1475 1375 quercino
1513 1321 1708 1364 robore
1739 1321 1917 1364 mult1s
1950 1322 2100 1365 annis
2132 1323 2395 1366 exsiccato

193 1403 514 1447 elaboratus.
545 1405 605 1446 Et
630 1405 798 1447 latera
825 1407 983 1459 atque
1010 1403 1428 1459 contignationes
1454 1403 1612 1447 instar
1629 1404 1862 1447 trabium
1889 1417 2204 1459 magnarum
2230 1406 2393 1450 fuere.

194 1486 547 1542 Habebatque
572 1487 626 1530 in
650 1487 802 1531 radio
829 1488 932 1531 five
953 1499 986 1530 a
1006 1487 1196 1531 Centro
1225 1487 1293 1530 ad
1320 1486 1806 1531 circumferentIam
1828 1488 1897 1531 ad
1916 1488 2196 1532 minimum
2221 1488 2288 1532 14.
2311 1501 2397 1533 cu-

194 1569 345 1613 bitos.
377 1570 436 1613 In
464 1571 628 1615 limbo
654 1582 784 1615 vero
814 1571 918 1614 five
944 1570 1390 1622 circumferentia,
1420 1571 1512 1614 ubi
1537 1570 1827 1614 Divisiones
1853 1574 2019 1623 erant,
2051 1571 2396 1616 Orichalcicis

193 1653 402 1697 laminis
435 1654 816 1698 obducebatur.
858 1653 1284 1709 Contignationes
1316 1654 1612 1697 intertextae
1645 1666 1712 1697 ex
1742 1654 2126 1709 transversarijs
2156 1655 2395 1699 trabibus

194 1735 493 1791 compad'tae
522 1738 563 1780 ἃ
591 1737 834 1793 levigatae
865 1737 919 1779 in
950 1748 1075 1780 eum
1104 1737 1255 1780 usum
1285 1737 1711 1792 disponebantur,
1744 1740 1802 1779 ut
1828 1740 2001 1781 totum
2032 1737 2395 1789 Quadrantem

192 1819 397 1863 firmius
424 1819 768 1872 continerent,
798 1823 957 1875 atque
981 1820 1034 1863 in
1060 1820 1152 1863 sua
1171 1820 1306 1876 Justa
1332 1820 1624 1875 quantitate
1651 1821 1692 1863 81
1718 1821 1878 1875 plano
1899 1821 2283 1865 combinarent.
2312 1822 2397 1864 Di-

191 1902 318 1947 visio
346 1906 528 1947 autem
552 1903 708 1959 ipsius
735 1903 1179 1948 circumferentiae
1206 1907 1321 1947 erat
1347 1904 1681 1947 solummodo
1709 1904 1998 1947 secundum
2024 1904 2267 1947 usitatam
2294 1905 2397 1948 for-

193 1998 356 2030 mam.
393 1987 576 2041 Neque
607 1986 749 2030 enim
779 1990 906 2031 tunc
939 1987 1100 2030 aliam
1128 1987 1168 2029 81
1195 1986 1622 2031 commodiorem
1649 1986 2044 2038 adinveneram,
2083 1989 2188 2041 qua
2216 1987 2395 2042 postea

193 2068 246 2111 in
272 2069 385 2124 alijs
412 2070 770 2114 Instrumentis
795 2070 917 2113 usus
944 2070 1071 2113 sum.
1099 2071 1344 2114 Poterant
1370 2069 1531 2113 nihilo
1559 2070 1725 2113 secius
1751 2070 1930 2124 singuli
1956 2070 2163 2114 Gradus
2190 2082 2296 2114 non
2325 2071 2397 2114 so-

192 2153 303 2196 lum
329 2153 382 2196 in
408 2154 604 2209 singula
631 2153 834 2196 minuta
861 2154 929 2197 fic
957 2153 1202 2205 distribui,
1231 2153 1318 2197 sed
1344 2154 1385 2196 8ι
1412 2153 1683 2208 quodlibet
1708 2153 1971 2196 minutum
1991 2153 2044 2196 in
2065 2154 2152 2196 sex
2171 2153 2397 2208 particu-

192 2237 292 2280 las:
314 2236 388 2279 ita
407 2240 465 2279 ut
484 2237 622 2280 dena
642 2237 806 2280 etIam
825 2237 1054 2280 secunda
1071 2236 1291 2280 discrete
1306 2236 1659 2291 suppeditarit.
1681 2235 1982 2280 Pinnacidia
1996 2239 2147 2279 erant
2160 2236 2214 2279 in
2228 2238 2395 2281 altero

194 2319 515 2371 Quadrantis
546 2321 711 2363 latere
740 2320 835 2363 DE
866 2320 1009 2375 apud
1038 2320 1182 2374 quod
1211 2319 1521 2363 observator
1548 2319 1860 2371 consisteret,
1889 2320 2039 2374 Juxta
2070 2320 2132 2371 D,
2167 2332 2397 2374 quorum

192 2403 334 2455 illud,
357 2403 514 2447 oculo
534 2403 841 2458 proximum
860 2402 1046 2447 habuit
1064 2403 1118 2445 in
1137 2402 1428 2446 meditullio
1446 2402 1692 2446 foramen
1705 2414 1949 2457 parvum,
1972 2414 2067 2457 per
2081 2403 2224 2457 quod
2239 2402 2396 2446 stellae

192 2485 246 2529 in
275 2486 526 2541 superiori
548 2487 701 2542 Juxta
728 2486 924 2530 lineam
950 2485 1336 2529 Diametralem
1366 2486 1508 2540 apud
1537 2486 1574 2528 E
1601 2485 2036 2529 collineabantur.
2068 2486 2120 2528 Si
2148 2497 2277 2529 vero
2307 2486 2395 2530 Sol

192 2569 552 2613 observandus
581 2569 733 2622 foret,
765 2569 1119 2613 adhibebatur
1148 2569 1290 2612 aliud
1318 2569 1680 2624 pinnacidium
1709 2568 2041 2623 perforatum
2066 2569 2120 2611 in
2148 2569 2397 2612 anteriori

191 2653 313 2696 loco
333 2652 486 2708 Juxta
512 2653 565 2705 E,
594 2653 737 2707 quod
762 2665 857 2707 per
882 2653 1171 2697 rotundum
1190 2652 1438 2696 foramen
1458 2652 1772 2696 admittebat
1792 2652 1926 2695 Solis
1946 2653 2126 2695 lumen
2145 2652 2282 2695 intra
2303 2652 2398 2695 cir-

192 2736 372 2778 culum
397 2736 554 2790 ipfius
574 2736 854 2790 quantitati
873 2737 1161 2792 analogum
1182 2736 1248 2779 ab
1271 2735 1504 2779 interiori
1523 2735 1804 2791 pinnacidij
1827 2735 2088 2779 inferioris
2114 2739 2281 2790 parte,
2310 2737 2398 2778 ad-

191 2818 358 2862 hibito
387 2819 680 2874 praesertim
709 2819 883 2862 canali
912 2819 1149 2874 quodam
1179 2819 1424 2874 oblongo,
1454 2821 1513 2861 ut
1538 2820 1719 2862 lumen
1744 2818 1878 2862 Solis
1905 2830 1970 2862 eo
1996 2818 2170 2862 minus
2197 2819 2250 2861 in
2276 2821 2398 2862 aere

192 2900 533 2956 dissiparetur,
555 2904 715 2956 atque
735 2900 969 2945 exactius
989 2901 1126 2945 intra
1145 2902 1336 2946 limites
1356 2902 1588 2957 eJusdem
1609 2902 1798 2945 Circuli
1820 2902 2215 2945 discerneretur.
2237 2902 2398 2945 Porro

186 2984 338 3039 juxta
364 2987 606 3028 centrum
633 2985 744 3040 eJus
767 2985 812 3028 A
833 2985 985 3028 filum
1012 2985 1413 3040 appendebatur
1438 2985 1834 3029 Orichalcicum
1860 2988 2034 3037 tenue,
2064 2985 2207 3039 quod
2232 2986 2399 3040 plum-

192 3066 322 3110 bum
342 3068 484 3122 apud
505 3067 554 3110 H
574 3067 822 3112 foramen
842 3067 1043 3123 aliquot
1061 3067 1319 3112 librarum
1340 3068 1583 3112 sustinere
1603 3067 1793 3123 potuit;
1816 3079 1882 3111 ne
1902 3068 2052 3111 filum
2066 3071 2227 3111 vento
2243 3068 2398 3112 facile

193 3149 568 3194 dimoveretur.
592 3150 921 3194 Monstrabat
946 3151 1087 3194 enim
1111 3151 1283 3206 ipsum
1308 3151 1459 3194 filum
1479 3151 1631 3207 Juxta
1651 3149 1957 3195 contad'tum
1982 3151 2307 3194 Divisionum
2332 3152 2401 3194 al-

192 3232 472 3277 titudinem
493 3234 768 3288 quaefitam
790 3245 954 3288 quam
974 3232 1306 3277 exac‘tissime.

266 3316 567 3360 Inhaerebat
594 3328 723 3361 vero
753 3316 872 3360 haec
903 3316 1224 3368 Quadrantis
1256 3317 1509 3361 machina
1540 3318 1807 3361 columnae
1840 3316 2109 3371 quercinae
2143 3316 2324 3360 crassae
2358 3316 2398 3358 81

343 3412 386 3447 12
2152 3401 2399 3454 robustae
