2644 3978
748 295 1442 351 ANNOTATIONES
1470 295 1877 350 EDITORIS
2305 297 2409 350 337

208 433 275 476 ab
298 446 438 478 anno
463 435 591 487 1580,
619 440 735 479 erat
754 436 1053 492 excogitata
1072 435 1400 490 hypothesis,
1429 447 1550 490 quae
1570 448 1662 480 eas
1683 448 1871 481 omnes
1890 440 2275 492 repraesentare
2300 449 2413 493 per-

206 505 489 549 hibebatur
514 506 652 550 intra
670 508 900 551 duorum
919 507 1294 561 scrupulorum
1314 506 1762 561 propinquitatem
1782 508 1835 551 in
1854 508 2201 564 longitudine.
2221 542 2230 552 .
2250 542 2260 552 .
2277 510 2413 564 Apo-

207 588 384 631 gaeum
403 577 550 621 initio
572 578 696 622 anni
719 578 831 621 1585
851 577 1149 633 ponebatur
1167 576 1221 620 in
1238 576 1322 620 23⁰
1340 576 1422 620 45⁴
1444 576 1505 630 Ω,
1533 579 1900 623 eccentricitas
1921 580 2175 632 maxima,
2204 592 2325 634 quae
2346 592 2412 623 ex

206 648 606 693 semidiametro
637 649 910 704 utriusque
941 648 1138 692 circelli
1170 648 1524 703 componitur,
1558 652 1674 693 erat
1702 650 1867 704 20160,
1901 651 2138 705 qualium
2171 651 2413 695 semidia-

207 722 377 762 meter
397 720 622 775 epicycli
642 721 860 777 majoris
879 722 1019 764 esset
1041 718 1198 763 16380.
1221 718 1382 774 Igitur
1399 719 1454 762 in
1473 719 1648 764 forma
1663 722 1853 776 primae
1866 721 2239 776 inaequalitatis
2252 724 2412 766 Ptole-

207 790 384 834 maica
404 792 771 836 eccentricitas
791 790 1072 846 aequatorii
1090 790 1272 845 puncti
1292 793 1407 834 erat
1424 790 1573 834 20160
1591 793 1676 835 vel
1697 804 1761 836 eo
1781 794 1943 847 paulo
1964 793 2183 838 minus«.

278 862 463 917 Itaque
488 862 608 907 haec
633 863 818 907 tabula
843 862 930 906 illa
952 862 1069 917 ipsa
1087 861 1308 917 praebet,
1337 873 1459 916 quae
1479 874 1546 906 ex
1566 863 2028 908 observationibus
2049 865 2250 916 Martis,
2280 877 2413 919 quas

205 945 301 988 per
315 945 484 978 annos
498 935 676 990 viginti
688 934 872 989 Tycho
886 936 1201 989 prosecutus
1215 936 1346 985 erat,
1365 933 1538 989 colligi
1550 937 1851 988 potuerunt,
1873 938 1925 979 et
1938 946 2002 979 eo
2019 936 2234 990 quidem
2248 937 2411 980 modo

206 1004 467 1057 ordinata,
502 1016 607 1060 quo
639 1005 752 1060 ipse
785 1004 1033 1049 ordinare
1058 1005 1318 1048 voluerat.
1354 1004 1568 1059 Optime
1598 1005 1753 1060 igitur
1780 1018 1973 1061 agmen
2002 1000 2200 1050 claudit
2228 1007 2413 1061 paucis

205 1075 303 1119 illis
324 1076 542 1120 calculis
563 1077 632 1120 ad
651 1077 892 1131 planetas
911 1075 1308 1132 pertinentibus,
1334 1087 1468 1130 quos
1488 1075 1624 1120 inter
1641 1077 1870 1121 schedas
1889 1078 2023 1121 illius
2043 1078 2342 1121 invenimus
2363 1081 2415 1121 et

206 1147 390 1202 dignos
411 1159 527 1191 esse
540 1147 914 1203 judicavimus,
938 1147 1027 1202 qui
1045 1147 1256 1203 publice
1276 1148 1573 1192 ederentur.

277 1218 346 1261 ad
366 1230 415 1273 p.
437 1218 597 1276 289,1⁷]
622 1218 756 1263 Haec
778 1219 1054 1263 annotavit
1074 1219 1352 1274 Keplerus:
1383 1220 1458 1263 »R
1480 1222 1631 1263 notat
1651 1219 2083 1264 observatIonem
2103 1221 2413 1264 Patavinam

205 1301 237 1332 a
257 1288 470 1344 Magino
491 1289 732 1333 habitam
753 1302 878 1334 cum
900 1290 1071 1335 Gallio
1092 1290 1368 1335 Sasceride
1388 1290 1577 1335 Brahei
1598 1291 1872 1347 discipulo.
1895 1291 1958 1336 N.
1982 1291 2413 1336 observationem

205 1363 444 1404 nostram
463 1360 535 1418 (id
555 1364 635 1405 est
655 1361 861 1419 Brahei)
882 1361 1202 1417 Uraniburgi
1221 1361 1508 1406 habitam.«

441 1534 576 1595 AD
613 1534 1380 1596 COMMENTARIOS
1414 1535 2174 1598 GEOGRAPHICOS.

276 1646 344 1690 Hi
374 1647 749 1691 commentarii
777 1647 928 1691 mixti
957 1647 1160 1704 generis
1185 1648 1496 1703 Tychonem
1527 1649 1864 1704 geographiae
1893 1650 2118 1693 multum
2149 1650 2306 1694 studii
2329 1650 2415 1693 tri-

204 1719 378 1763 buisse
406 1720 712 1772 ostendunt;
741 1720 951 1763 videtur
969 1719 1133 1763 etiam
1152 1731 1238 1764 res
1259 1720 1546 1776 collegisse,
1575 1732 1697 1775 quae
1718 1721 1787 1764 ad
1808 1732 1942 1776 opus
1963 1721 2180 1776 aliquod
2200 1722 2270 1765 ad
2290 1733 2414 1765 eam

203 1790 468 1845 pertinens
490 1791 937 1834 conscribendum
957 1791 1111 1835 utiles
1130 1802 1248 1835 esse
1267 1794 1505 1847 possent;
1535 1791 1605 1835 ad
1625 1792 1769 1846 quod
1789 1792 2184 1836 conficiendum
2202 1796 2414 1848 tempus

203 1862 251 1905 ei
277 1861 456 1905 defuit.
487 1863 685 1906 Praeter
713 1862 943 1915 codices,
975 1874 1110 1917 quos
1137 1862 1276 1906 infra
1306 1862 1686 1915 describemus,
1717 1863 1771 1906 in
1799 1863 2122 1908 bibliotheca
2148 1864 2415 1908 Vindobo-

202 1933 352 1977 nensi
376 1946 513 1977 unus
539 1933 703 1977 etiam
723 1934 793 1977 ad
812 1934 1208 1990 geographiam,
1235 1937 1293 1977 ut
1312 1934 1480 1978 videri
1506 1937 1695 1990 potest,
1723 1935 1991 1990 pertinens
2016 1935 2280 1979 invenltur
2304 1936 2412 1992 (lat.

207 2003 425 2061 10688¹¹)‚
455 2005 509 2047 in
536 2017 642 2060 quo
668 2008 852 2049 tamen
878 2005 1238 2050 examinando
1265 2005 1392 2049 nihil
1417 2006 1766 2062 repperimus,
1798 2007 1942 2061 quod
1967 2006 2120 2051 nobis
2145 2007 2271 2051 utile
2298 2019 2415 2051 esse

202 2078 396 2131 posset.
428 2075 572 2119 Folia
598 2077 833 2121 confinet
858 2076 932 2130 62,
961 2077 1144 2121 omnia
1169 2077 1332 2133 ipsius
1356 2077 1624 2133 Tychonis
1651 2091 1816 2122 manu
1841 2078 2151 2134 perscripta.
2183 2079 2243 2121 In
2268 2078 2358 2122 fol.
2391 2078 2409 2120 l

203 2147 459 2202 scriptum
489 2151 569 2192 est
602 2148 942 2192 »Memoriale
966 2149 1250 2193 Terrestris
1279 2149 1420 2205 globi
1447 2150 1501 2193 in
1530 2152 1761 2205 quatuor
1788 2152 1968 2205 partes
1997 2150 2307 2202 distributi«;
2339 2162 2415 2194 se-

204 2218 380 2273 quitur
392 2219 551 2263 index
564 2219 839 2275 regionum
854 2223 1014 2275 atque
1027 2220 1256 2264 urbium.
1270 2221 1338 2264 At
1351 2221 1478 2264 nihil
1489 2221 1633 2265 aliud
1644 2224 1724 2265 est
1738 2233 1900 2276 quam
1915 2221 2119 2265 libellus
2134 2221 2414 2265 memoriae

203 2301 368 2334 causa
395 2290 687 2343 confectuS,
717 2291 771 2334 in
801 2303 906 2346 quo
936 2291 1133 2347 partim
1160 2292 1367 2336 Danico
1396 2292 1593 2347 partim
1623 2292 1814 2336 Latino
1843 2304 2092 2337 sermone
2121 2292 2415 2336 indicatum

203 2365 297 2414 est,
326 2374 448 2416 quae
473 2361 600 2405 viris
627 2362 798 2406 doctis
823 2362 877 2406 in
902 2375 1224 2418 unaquaque
1250 2363 1463 2419 regione
1484 2363 1792 2420 degentibus
1811 2364 2094 2408 scribenda
2121 2367 2316 2416 essent3
2346 2365 2414 2407 ad

202 2433 364 2477 urbes
382 2433 529 2476 haud
548 2445 751 2488 paucas
770 2445 970 2478 nomen
987 2438 1198 2478 tantum
1218 2435 1450 2479 hominis
1462 2435 1535 2479 ibi
1547 2434 1836 2479 habitantis
1851 2447 1981 2479 casu
1995 2435 2177 2479 dativo
2193 2436 2413 2478 allatum

203 2507 304 2556 est;
336 2504 406 2548 ad
434 2505 564 2548 alias
589 2505 766 2558 urbes,
796 2517 890 2550 eas
915 2506 1201 2562 praecipue,
1233 2519 1355 2562 quae
1381 2510 1532 2550 extra
1558 2508 1827 2562 Europam
1852 2506 1969 2550 sitae
1995 2509 2133 2558 sunt,
2160 2506 2214 2550 id
2239 2507 2412 2551 solum

202 2575 496 2619 indicatum
517 2579 612 2630 est,
634 2576 967 2621 latitudinem
985 2577 1199 2621 illarum
1218 2577 1591 2633 inquirendam
1611 2589 1743 2622 esse.

275 2646 548 2698 Quantum
566 2659 697 2692 vero
718 2648 876 2692 studii
895 2649 949 2691 in
965 2648 1127 2692 rebus
1149 2649 1516 2704 geographicis
1534 2649 1718 2704 Tycho
1745 2649 1996 2704 posuerit,
2023 2652 2170 2705 patet
2196 2649 2358 2692 etiam
2385 2660 2414 2692 e

204 2718 413 2762 duabus
432 2718 727 2774 ingentibus
751 2719 947 2763 tabulis
973 2720 1339 2775 geographicis
1366 2733 1532 2764 manu
1558 2720 1862 2773 elaboratis,
1891 2732 2012 2775 quae
2037 2720 2174 2764 inter
2199 2720 2413 2764 codices

203 2789 644 2834 vindobonenses
669 2790 1008 2834 inveniuntur
1032 2790 1140 2848 (lat.
1172 2790 1425 2849 106881-2).
1455 2791 1614 2836 Lucis
1641 2803 1743 2847 ope
1770 2803 2050 2846 expressas
2075 2791 2285 2847 publice
2312 2791 2415 2835 edi-

205 2861 394 2904 derunt
413 2861 473 2904 Α.
489 2861 549 2904 Α.
574 2861 820 2917 Bjoernbo
841 2864 894 2905 et
914 2861 966 2905 C.
990 2862 1038 2905 S.
1060 2863 1305 2906 Petersen
1323 2861 1630 2920 (Anecdota
1651 2862 2068 2918 cartogtaphica
2089 2862 2414 2917 septentrio-

203 2931 369 2985 nalia,
401 2932 630 2976 Hauniae
664 2932 792 2985 1908,
823 2932 879 2975 in
906 2933 1015 2985 fol„
1045 2946 1122 2977 nr.
1145 2933 1266 2977 VIII
1287 2937 1339 2977 et
1358 2934 1461 2991 IX).
1491 2934 1673 2978 Altera
1699 2934 1806 2992 (IX)
1833 2935 2116 2990 descriptio
2144 2938 2224 2978 est
2249 2934 2413 2989 partis

203 3003 564 3047 meridionalis
593 3003 760 3047 litoris
791 3003 1071 3060 Norvegiae
1101 3005 1171 3048 ad
1200 3005 1536 3049 occidentem
1564 3005 1873 3061 spectantis;
1904 3006 1957 3049 in
1987 3017 2180 3050 aversa
2209 3005 2413 3050 chartae

203 3077 355 3129 parte
385 3074 570 3129 Tycho
602 3074 831 3130 scripsit:
875 3075 1296 3131 »Descriptiones
1334 3076 1572 3120 littorum
1605 3077 1890 3132 Noruagiae
1921 3077 1963 3119 81
1996 3077 2229 3131 quedam
2262 3077 2410 3120 alia«.

203 3145 385 3189 Altera
410 3145 568 3203 (VIII)
594 3146 878 3201 descriptio
906 3150 986 3190 est
1009 3147 1139 3191 situs
1168 3147 1460 3202 provinciae
1484 3146 1794 3203 Notdtsjord,
1826 3160 1948 3203 quae
1976 3148 2092 3204 ipsa
2121 3160 2332 3203 quoque
2360 3148 2413 3190 in

204 3216 356 3261 litore
378 3216 659 3272 Norvegiae
686 3218 756 3261 ad
782 3217 1116 3262 occidentem
1142 3219 1404 3274 spectanti
1428 3219 1529 3263 sita
1555 3223 1671 3263 erat
1690 3222 1742 3263 et
1761 3219 1905 3263 feudi
1917 3220 2036 3275 J'ure
2054 3219 2294 3274 Tychoni
2311 3222 2414 3261 tra-

206 3287 315 3331 dita
344 3291 474 3331 erat.
505 3289 687 3332 Annus
715 3288 770 3331 in
798 3300 864 3332 ea
888 3289 1151 3333 indicatus
1177 3293 1258 3334 est
1286 3289 1415 3342 1594,
1446 3293 1499 3334 et
1522 3290 1577 3334 in
1603 3302 1794 3335 aversa
1821 3291 2025 3335 chartae
2053 3294 2205 3345 parte
2229 3290 2411 3344 Tycho

208 3358 416 3413 scripsit
445 3357 894 3404 »Nordttfiordtt«.
928 3360 1166 3415 Utraque
1194 3361 1374 3416 magni
1402 3361 1555 3405 nobis
1583 3361 1735 3416 pretii
1760 3365 1854 3413 est,
1886 3373 2010 3405 cum
2037 3361 2413 3405 observationi·

349 3443 395 3478 43
