2638 3952
61 438 159 481 <22¹-

88 1214 130 1249 10

90 1601 131 1636 15

85 1985 132 2099 48

86 2372 132 2407 25

88 3140 134 3175 35

390 296 1002 351 ASTRONOMIAE
1029 296 1594 349 INSTAURATAE
1621 295 2173 349 MECHANICA
2315 296 2384 348 57

710 441 1258 503 EXPLICATIO
1288 441 1714 502 FABRICAE
1745 441 1858 502 ET

1162 542 1400 603 VSVS.

620 666 1126 711 XCOGITAVIMUS
1145 667 1323 721 itaque
1342 667 1589 710 Armillas
1610 666 1866 721 quasdam
1880 666 2241 720 AEquatorias,
2265 678 2385 719 quae

620 745 674 788 in
687 744 1004 799 AEquilibrio
1019 743 1146 787 Axis
1162 745 1409 787 Polorum
1428 743 1612 787 Mundi
1631 744 1753 787 hinc
1774 743 1895 786 inde
1915 742 2173 797 dispofitae
2193 743 2245 785 in
2265 754 2386 786 neu-

619 825 760 865 tram
792 824 1002 876 partem
1034 821 1126 865 suo
1158 822 1393 876 pondere
1424 822 1509 865 vel
1538 818 1989 864 circumductione
2018 819 2384 871 distrahantur,

622 902 714 942 aut
732 901 764 942 a
785 899 945 954 plano
961 898 1305 951 Circulorum,
1329 910 1464 953 quos
1483 898 1876 953 repraesentant,
1899 897 1967 940 ab
1988 895 2175 940 exacta
2195 898 2386 940 norma

396 992 439 1046 ἴ
452 935 562 1046 jd

216 813 276 895 4

192 898 276 957 ³>
365 950 369 960 Δ

192 1006 590 1091 {X———s—L’]
620 1056 721 1096 tur.
744 1052 938 1096 Forma
953 1056 1133 1096 autem
1147 1064 1334 1095 earum
1349 1052 1435 1105 est,
1459 1052 1628 1107 qualis
1643 1053 1879 1106 apposita
1892 1051 2135 1107 figuratio
2151 1050 2384 1094 ostendit.

179 1129 413 1184 Suntque
438 1132 546 1173 tres
572 1129 906 1173 solummodo
927 1129 1163 1172 Armillae
1190 1141 1317 1173 cum
1344 1141 1444 1173 axe
1471 1130 1709 1184 quodam
1731 1129 1903 1181 tereti;
1933 1140 2054 1183 quae
2076 1131 2191 1171 tam
2211 1139 2388 1182 aequa-

178 1207 343 1251 torias
381 1207 609 1250 siderum
647 1206 914 1251 distantias
953 1219 1117 1261 quam
1155 1207 1537 1250 declinationes
1574 1205 1876 1249 metiuntur.
1916 1205 2090 1248 Prima
2127 1216 2312 1248 earum
2346 1205 2387 1247 St

178 1284 417 1327 maxima
436 1283 614 1327 AESF
635 1287 860 1328 caeteras
880 1283 1156 1328 continens
1176 1285 1218 1327 ἃ
1239 1284 1541 1336 sustentans,
1571 1283 1849 1327 Meridiani
1868 1282 2013 1326 vices
2034 1282 2253 1337 supplet:
2285 1281 2389 1324 Ha-

179 1361 372 1416 betque
392 1361 445 1404 in
465 1361 727 1405 diametro
747 1361 790 1405 4.
814 1361 983 1404 ferme
1004 1361 1226 1405 cubitos.
1250 1361 1387 1405 Hinc
1410 1364 1624 1405 caeterae
1644 1360 1920 1404 interiores
1940 1359 2283 1404 aei’dmandae.
2305 1359 2388 1402 Ad

179 1439 328 1495 quus
357 1438 518 1482 etiam
547 1439 767 1493 planum
797 1438 999 1494 disponi
1024 1439 1065 1482 81
1091 1438 1318 1494 regulari
1347 1438 1555 1482 debent.
1588 1438 1741 1481 quta
1766 1449 1895 1482 vero
1922 1438 1967 1480 A
1996 1438 2038 1480 81
2066 1437 2118 1479 in
2148 1436 2386 1491 oppofito

179 1517 300 1559 loco
327 1516 470 1571 apud
496 1516 542 1558 D
568 1515 731 1559 habet
750 1516 920 1560 Axem
947 1517 1217 1571 quendam
1242 1515 1336 1572 (uti
1361 1515 1486 1573 dixi)
1510 1518 1750 1567 teretem,
1778 1514 2125 1558 revolubilem
2153 1525 2276 1557 cum
2297 1513 2388 1555 Ar·

180 1593 324 1636 milla
345 1592 610 1645 interiore,
638 1593 1091 1637 Declinationibus
1112 1593 1444 1637 dimetiendis
1466 1593 1851 1644 inservientem,
1880 1592 1949 1635 ad
1975 1591 2124 1647 cujus
2150 1590 2387 1634 medium

179 1671 357 1713 locum
379 1670 543 1727 (quod
563 1670 723 1714 etiam
746 1670 986 1714 omnium
1001 1671 1342 1714 Armillarum
1357 1671 1609 1714 Centrum
1630 1670 1719 1727 est)
1739 1669 2046 1724 Cylindrum
2069 1669 2210 1723 apud
2231 1668 2276 1711 G
2297 1667 2388 1711 sibi

180 1747 608 1803 orthogonaliter
620 1747 844 1791 infixum
859 1747 1080 1799 sustinet,
1102 1748 1334 1803 eJusdem
1354 1748 1406 1790 in
1427 1748 1516 1791 sua
1538 1747 1800 1790 diametro
1821 1745 2208 1801 magnitudInis,
2230 1748 2388 1800 prout

179 1825 285 1879 ipse
303 1824 446 1867 Axis.
475 1825 806 1868 Attollendus
827 1828 1007 1868 autem
1027 1824 1154 1867 Axis
1175 1835 1299 1868 cum
1320 1825 1445 1879 ipso,
1468 1837 1628 1879 quem
1649 1823 2044 1867 Diametraliter
2061 1823 2257 1874 transit,
2282 1823 2388 1866 Me-

180 1901 402 1953 ridiano‚
436 1902 607 1945 donec
637 1902 691 1944 in
719 1903 830 1958 ejus
860 1901 1226 1953 Divifionibus‚
1258 1913 1379 1955 quae
1409 1902 1605 1956 lingula
1634 1901 1834 1945 habent
1862 1900 2082 1951 minuta,
2115 1899 2388 1954 perpendi-

182 1979 363 2022 culum
382 1978 471 2021 BV
491 1979 646 2034 supra
666 1979 706 2022 ἃ
726 1978 879 2030 infra,
908 1979 1365 2033 complementum
1383 1978 1683 2021 Altitudinis
1701 1978 1808 2021 Poli
1834 1978 1945 2034 ejus
1971 1977 2075 2021 loci
2096 1976 2384 2031 contingat;

182 2056 344 2110 fitque
357 2058 463 2099 una
478 2057 638 2111 plano
655 2056 931 2099 Meridiani
945 2055 1296 2110 aequidistans,
1314 2056 1417 2099 sive
1431 2055 1559 2098 illud
1572 2055 1853 2109 utrobique
1867 2054 2053 2098 leniter
2063 2054 2385 2109 contingens.

182 2132 405 2176 Interior
432 2144 560 2177 vero
590 2133 812 2176 Armilla
842 2145 1005 2187 quam
1035 2132 1486 2177 Declinationibus
1515 2131 1762 2176 inservire
1792 2131 1913 2183 dixi,
1944 2143 2039 2186 per
2068 2130 2273 2174 NMPO
2303 2142 2388 2174 ex-

181 2209 444 2264 primitur:
474 2222 595 2265 quae
622 2210 783 2254 etiam
809 2210 1095 2265 aliquando
1121 2211 1282 2265 plano
1310 2209 1587 2253 Meridiani
1611 2209 1747 2252 uniri
1773 2208 1953 2264 potest,
1982 2209 2023 2251 81
2048 2208 2224 2251 rursus
2251 2208 2387 2251 intra

180 2285 322 2330 hunc
351 2286 406 2330 in
434 2287 772 2342 quascunque
801 2290 979 2342 partes
1010 2286 1374 2339 circumvolvi,
1408 2290 1566 2342 prout
1595 2286 1753 2330 stellae
1784 2285 2130 2329 observandae
2161 2285 2282 2328 fitus
2312 2297 2388 2328 re-

182 2363 351 2418 quirit.
375 2363 434 2407 In
448 2364 656 2408 duobus
671 2368 851 2408 autem
865 2364 1013 2416 locis,
1034 2364 1126 2408 ubi
1139 2365 1364 2408 alteram
1378 2364 1468 2419 ipfi
1484 2364 1553 2407 ad
1567 2364 1787 2419 angulos
1800 2361 1974 2406 rectos
1986 2363 2387 2406 transversalem

180 2441 475 2493 Armillam‚
507 2454 628 2497 quae
660 2441 945 2497 AEquatori
975 2442 1272 2497 deputatur,
1307 2441 1720 2497 pertranseundo
1752 2440 1934 2492 ambit,
1968 2439 2132 2483 habet
2159 2439 2388 2483 exterius

181 2517 455 2570 laminam,
483 2518 807 2563 indicantem
834 2519 971 2575 ipsos
992 2519 1201 2562 Gradus
1222 2519 1263 2562 ἃ
1285 2518 1489 2562 Minuta
1515 2517 1804 2573 aequatoris
1831 2516 2088 2572 utrinque,
2117 2520 2231 2560 tam
2250 2517 2390 2560 vide-

181 2595 301 2638 licet
331 2595 398 2639 ab
427 2598 550 2648 una,
583 2609 746 2651 quam
774 2597 940 2640 altera
967 2596 1205 2651 opposita
1230 2599 1397 2651 parte.
1430 2595 1672 2639 Continet
1697 2594 1860 2639 etiam
1887 2594 1977 2637 sua
2006 2593 2307 2649 pinnacidia
2336 2593 2390 2636 in

181 2675 410 2726 quatuor
434 2673 581 2725 locis,
604 2673 708 2717 five
729 2673 1146 2726 Quadrantibus;
1170 2684 1400 2727 quorum
1419 2673 1505 2717 hic
1528 2673 1710 2717 saltem
1731 2673 1837 2716 duo
1860 2672 2002 2727 apud
2023 2671 2077 2714 M
2097 2671 2137 2714 ἃ
2157 2671 2201 2715 O
2223 2671 2390 2726 expri-

181 2752 418 2793 muntur:
446 2750 499 2792 in
526 2750 716 2805 quibus
740 2751 949 2794 rimulae
978 2751 1092 2794 sunt
1117 2751 1388 2805 parallelae
1411 2751 1452 2793 81
1476 2749 1867 2805 aequidistantes
1893 2748 2135 2804 cylindro
2163 2748 2305 2803 apud
2327 2747 2387 2799 G,

180 2829 296 2869 tum
323 2838 534 2881 quoque
561 2828 628 2871 ab
657 2828 823 2871 altera
850 2830 1000 2882 parte
1019 2827 1119 2870 Axi
1138 2827 1255 2870 AD.
1284 2826 1518 2882 Suntque
1544 2827 1722 2882 singuli
1748 2826 2084 2878 Quadrantes
2111 2824 2179 2868 ab
2206 2825 2389 2869 exteri-

182 2913 275 2946 ore
294 2903 532 2947 Armillae
552 2907 703 2959 parte
723 2904 813 2959 ipsi
836 2905 992 2948 oculo
1013 2904 1258 2959 proxima
1285 2904 1339 2947 in
1364 2903 1437 2948 90.
1461 2904 1670 2947 Gradus
1697 2903 1857 2955 divisi,
1886 2902 1926 2945 δι
1954 2902 2169 2957 quilibet
2194 2901 2388 2945 horum

181 2979 235 3022 in
253 2979 326 3023 60.
349 2980 552 3023 minuta
578 2992 730 3025 more
755 2981 908 3025 nobis
934 2981 1122 3024 usitato
1143 2981 1185 3024 81
1205 2980 1394 3036 saepius
1420 2992 1515 3036 per
1539 2979 1734 3036 pundta
1752 2979 2117 3023 transversalia
2138 2978 2385 3022 indicato.

181 3056 362 3099 Altera
382 3068 511 3100 vero
531 3057 752 3100 Armilla
770 3057 1144 3110 transversalis‚
1168 3069 1331 3112 quam
1352 3058 1459 3101 dixi
1478 3058 1790 3112 AEquatoris
1809 3056 1992 3100 munia
2013 3055 2270 3107 sustinere,
2295 3067 2390 3110 per

184 3132 372 3176 HLKI
394 3133 699 3178 ostenditur:
723 3146 844 3189 quae
865 3135 1026 3178 etiam
1047 3134 1100 3178 in
1119 3134 1328 3179 duobus
1347 3135 1595 3190 oppositis
1612 3134 1743 3178 locis
1758 3133 2053 3177 Meridiano
2075 3133 2229 3187 supra
2249 3130 2387 3175 dicito

198 718 276 877 ᾧ

587 982 589 1003 ³
623 975 797 1019 divelli
822 975 1022 1030 possint.
1051 976 1110 1018 Id
1137 975 1279 1030 quod
1302 975 1355 1018 in
1378 975 1541 1030 priori
1561 973 1727 1018 dictas
1747 974 1816 1018 ob
1838 974 2040 1018 caussas
2061 973 2388 1017 desideraba-

184 3210 326 3264 apud
346 3210 400 3262 C,
422 3210 463 3252 ἃ
483 3210 555 3253 illi
574 3211 886 3254 Diametrali
905 3211 1130 3254 firmiter
1149 3210 1458 3263 annectitur,
1488 3215 1646 3266 atque
1666 3211 1841 3254 eidem
1862 3210 1931 3253 ad
1952 3209 2190 3254 amussim
2212 3210 2281 3252 ad
2302 3221 2390 3252 an-

184 3287 332 3341 gulos
352 3285 525 3331 rectos
548 3287 736 3339 insistit,
764 3287 922 3342 inque
941 3299 1006 3331 eo
1027 3288 1281 3332 immotus
1302 3288 1530 3343 quiescit.
1559 3288 1743 3342 Estque
1763 3287 1924 3331 etiam
1945 3286 2013 3330 ab
2035 3286 2295 3330 exteriore
2315 3285 2388 3328 sui

184 3366 334 3417 parte
361 3364 413 3406 in
436 3375 623 3407 omnes
644 3364 833 3408 Circuli
854 3365 1062 3408 Gradus
1083 3365 1481 3419 eorundemque
1503 3365 1706 3407 minuta
1727 3364 1978 3407 subtiliter
1997 3362 2281 3406 distributa.
2310 3363 2386 3405 Ac

328 3442 351 3476 ⁸
2211 3441 2387 3493 habet
