2638 3952
85 437 183 481 03³

112 1209 154 1245 10

112 1599 152 1633 15

107 2372 153 2407 25

107 3143 153 3179 35

416 293 1027 347 ASTRONOMIAE
1054 291 1621 345 INSTAURATAE
1649 293 2199 348 MECHANICA
2353 297 2409 348 61

738 437 1285 500 EXPLICATIO
1315 437 1366 497 F
1368 437 1740 499 ABRICAE
1769 437 1882 499 ET

1186 537 1424 599 VSVS.

257 718 277 731 N
575 676 593 727 j
646 664 796 708 LIAS
835 675 1046 718 quoque
1085 663 1319 719 ejusdem
1358 662 1664 717 quantitatis
1696 663 1943 708 Armillas
1976 665 2195 709 confieri
2228 666 2411 709 curavi

283 750 293 765 ⁴
362 734 379 789 ἶ
644 740 1008 796 AEquatorias‚
1037 752 1265 795 quarum
1287 740 1471 783 Ideam
1497 740 1583 784 hic
1610 740 1774 785 vides.
1803 741 2042 786 Exterior
2060 742 2280 786 Armilla
2307 743 2414 787 Me·

527 814 529 821 '
572 809 574 811 ’
643 818 907 862 ridianum
926 817 1019 874 (uti
1040 818 1080 860 81
1102 817 1279 874 antea)
1298 818 1654 872 repraesentat.
1685 818 1868 873 Estque
1893 822 2007 862 tota
2028 819 2315 874 Chalybea‚
2344 821 2412 863 ad

560 937 562 940 ,
644 895 885 940 amussim
898 895 1238 950 undiquaque
1256 894 1498 950 levigata,
1515 895 1555 938 δι
1572 894 1923 940 Divifionibus
1936 896 2033 940 toti
2048 897 2254 940 Circulo
2270 908 2413 941 com·

393 1025 402 1033 .
642 972 955 1028 petentibus,
986 972 1059 1015 ita
1083 975 1141 1015 ut
1167 973 1363 1027 lingula
1389 972 1551 1016 etiam
1578 971 1846 1016 contineat
1874 973 2094 1025 Minuta,
2125 974 2409 1018 distributa.

427 1061 431 1069 ¹
500 1041 503 1050 '
570 1044 582 1049 ”
643 1051 702 1094 In
723 1052 827 1105 qua
849 1053 1048 1094 caetera
1069 1061 1296 1104 quoque,
1325 1050 1504 1104 quoad
1527 1049 1980 1105 perpendiculum,
2008 1052 2160 1095 Polos
2180 1051 2221 1094 ἃ
2241 1052 2412 1095 Axem

202 1127 536 1183 intelligenda
562 1127 800 1180 veniunt;
831 1130 988 1182 prout
1017 1127 1070 1170 in
1098 1126 1377 1182 prioribus.
1409 1126 1543 1179 Quae
1569 1138 1698 1171 vero
1728 1127 1866 1171 intra
1894 1127 2034 1172 hanc
2062 1129 2411 1182 continentur,

202 1209 309 1250 tres
331 1206 445 1249 sunt
462 1205 717 1258 Armillae,
744 1205 817 1248 ita
837 1208 895 1248 ut
913 1207 1086 1248 totum
1108 1203 1382 1259 Organum
1401 1204 1444 1247 4.
1468 1204 1682 1257 constet,
1710 1215 1817 1248 uno
1839 1205 2067 1260 amplius
2088 1217 2252 1261 quam
2273 1210 2414 1251 ante-

203 1283 419 1327 cedens:
442 1286 637 1338 praeter
649 1283 821 1326 Axem
834 1285 1058 1326 teretem
1074 1284 1232 1336 atque
1248 1280 1555 1336 Cylindrum
1576 1281 1648 1324 illi
1667 1282 1911 1326 infixum:
1936 1294 2058 1337 quae
2078 1283 2240 1327 etiam
2260 1284 2413 1328 unius

202 1361 438 1405 Armillae
453 1360 597 1404 vices
614 1359 902 1404 commode
923 1360 1175 1415 supplent.
1200 1358 1377 1402 Habet
1392 1362 1573 1403 autem
1587 1359 1691 1403 hoc
1708 1359 2115 1412 Instrumentum
2129 1364 2412 1416 propterea

200 1441 308 1483 tres
336 1436 584 1481 Armillas
612 1437 903 1489 interiores,
935 1439 1160 1491 excepto
1192 1436 1505 1488 Meridiano,
1536 1447 1601 1480 eo
1632 1437 1776 1492 quod
1806 1437 2074 1492 AEquator
2103 1439 2161 1481 fit
2190 1438 2413 1482 circum—

202 1515 460 1567 volubilis‚
488 1526 595 1559 non
622 1517 803 1558 autem
830 1514 1116 1569 quiescens,
1145 1516 1202 1557 ut
1223 1514 1276 1557 in
1301 1513 1478 1569 priori.
1507 1513 1740 1569 Ideoque
1760 1514 1980 1558 Armilla
2002 1515 2180 1559 IFGH
2202 1516 2410 1572 indiget,

202 1604 326 1637 eam
346 1593 673 1645 sustentante,
695 1592 737 1635 ἃ
757 1591 1187 1647 orthogonaliter
1207 1591 1504 1644 cohibente,
1531 1603 1653 1646 quae
1673 1591 1835 1635 etiam
1855 1604 1885 1636 e
1905 1604 2039 1647 puro
2061 1593 2263 1637 constat
2283 1594 2412 1638 Cha·

201 1670 341 1726 lybe,
370 1681 476 1725 quo
502 1669 690 1714 fortior
714 1669 784 1713 ad
809 1669 862 1713 id
887 1681 1082 1713 munus
1107 1668 1311 1721 existat;
1340 1669 1494 1713 nullis
1519 1672 1701 1713 tamen
1722 1668 2133 1714 distinctionibus
2158 1670 2408 1727 insignita.

203 1747 314 1803 Ipse
334 1758 463 1792 vero
484 1747 767 1802 AEquator,
796 1747 862 1791 de
883 1758 989 1802 quo
1010 1746 1133 1799 dixi,
1161 1757 1257 1802 per
1274 1746 1397 1790 PSR
1417 1746 1694 1800 indicatus,
1721 1747 1838 1790 suas
1858 1747 2021 1791 habet
2041 1747 2317 1792 divisiones
2337 1749 2413 1792 us-

203 1837 305 1880 que
337 1824 390 1869 in
422 1825 618 1880 smgula
648 1824 869 1876 minuta,
900 1824 941 1867 ἃ
970 1836 1062 1868 eas
1095 1823 1311 1879 quidem
1342 1827 1455 1867 tam
1489 1825 1556 1868 ab
1586 1826 1692 1868 una
1724 1836 1887 1879 quam
1918 1826 2083 1869 altera
2115 1825 2408 1880 superficie;

202 1906 359 1958 prout
372 1903 456 1947 vel
471 1902 801 1958 AEquatorijs
818 1901 1085 1958 distantijs,
1107 1902 1191 1946 vel
1211 1901 1374 1946 etiam
1393 1902 1732 1958 temporarijs
1752 1902 2036 1946 momentis
2058 1902 2411 1947 discernendis

202 1980 323 2024 usus
348 1979 593 2035 postulat:
622 1980 663 2022 ἃ
690 1979 990 2035 pinnacidia
1015 1979 1086 2022 illi
1113 1979 1366 2034 adaptata
1389 1979 1502 2022 sunt
1521 1980 1673 2035 juxta
1694 1980 1731 2022 R
1751 1980 1792 2022 ἃ
1812 1980 1861 2031 Ρ,
1888 1983 2005 2023 tum
2025 1991 2238 2035 quoque
2257 1981 2410 2035 plura

201 2057 288 2101 hic
314 2068 423 2101 non
448 2057 750 2109 efformata,
782 2069 903 2112 quae
931 2056 1285 2101 observationi
1309 2056 1614 2100 inserviunt:
1646 2068 1876 2111 quorum
1902 2057 2093 2101 eadem
2120 2058 2191 2101 est
2217 2057 2408 2110 forma,

202 2137 359 2189 prout
383 2134 437 2177 in
463 2134 811 2187 antecedenti,
840 2138 955 2177 tum
982 2145 1194 2189 quoque
1220 2133 1396 2177 similis
1421 2133 1558 2178 ratio
1586 2133 1944 2178 subdivisionis
1971 2134 2262 2179 Graduum.
2293 2135 2410 2179 Alia

202 2223 331 2256 vero
346 2212 565 2255 Armilla
578 2212 810 2262 interior,
834 2224 997 2267 quam
1019 2211 1237 2254 NKLM
1259 2211 1426 2255 literae
1447 2211 1729 2266 designant,
1752 2211 2204 2256 Declinationibus
2218 2212 2410 2256 riman·

203 2289 297 2342 dis,
319 2292 478 2344 prout
497 2292 670 2342 antea,
690 2289 884 2333 idonea
904 2288 990 2333 est.
1019 2288 1204 2343 Estque
1223 2288 1360 2332 intra
1381 2288 1774 2342 AEquatoriam‚
1798 2301 1961 2343 quam
1982 2289 2411 2345 orthogonaliter

200 2367 396 2419 transit,
419 2366 786 2419 convolubilis,
807 2369 866 2410 ut
884 2366 938 2409 in
956 2367 1079 2410 loco
1101 2366 1175 2409 sui
1194 2364 1470 2410 contactus
1490 2364 1685 2420 puncta
1704 2366 1866 2410 etiam
1879 2366 2199 2421 AEquatoria
2216 2366 2410 2410 indicet

202 2444 637 2488 convenientibus
662 2444 928 2487 laminulis
948 2444 1101 2500 juxta
1127 2443 1160 2486 S
1183 2443 1224 2486 ἃ
1249 2443 1303 2485 Μ
1331 2443 1522 2498 positis.
1555 2443 1732 2487 Habet
1757 2444 1966 2498 insuper
1993 2444 2083 2487 sua
2108 2444 2409 2499 pinnacidia

194 2521 347 2577 Juxta
361 2521 406 2574 Q
422 2521 463 2564 81
478 2521 523 2565 Ο
539 2522 580 2565 ἃ
595 2522 702 2565 duo
717 2521 822 2565 alia
836 2521 922 2565 hic
937 2533 1045 2565 non
1060 2519 1287 2576 depicta:
1311 2521 1398 2564 sed
1415 2520 1614 2576 pariter
1628 2521 1695 2564 ab
1712 2522 1878 2565 altera
1892 2524 2043 2576 parte
2056 2521 2405 2577 intelligenda.

201 2599 492 2643 Divisiones
530 2611 742 2654 quoque
779 2599 965 2651 insunt,
1009 2598 1213 2654 singulis
1251 2597 1647 2650 Quadrantibus
1686 2598 1987 2642 minutatim
2026 2601 2404 2653 competentes.

202 2676 401 2720 Omnes
423 2679 603 2720 autem
623 2676 726 2720 illae
739 2675 975 2719 Armillae
992 2676 1130 2718 intra
1144 2674 1499 2718 Meridianum
1513 2676 1914 2730 comprehensae
1935 2676 2050 2719 sunt
2068 2675 2408 2730 undiquaque

202 2752 546 2796 Orichalcicis
574 2753 786 2797 laminis
815 2751 1217 2808 superinducta:
1248 2752 1406 2807 idque
1434 2754 1583 2795 tanta
1614 2753 1892 2797 subtilitate
1921 2753 1962 2795 δι
1991 2752 2319 2809 levigatione,
2351 2756 2408 2796 ut

201 2830 405 2874 diceres
429 2833 571 2874 totas
597 2829 695 2874 esse
722 2841 788 2873 ex
814 2830 976 2874 solido
1002 2829 1143 2873 fusas
1164 2829 1463 2873 Orichalco.
1491 2829 1618 2873 Axis
1647 2841 1858 2885 quoque
1882 2833 2021 2874 teres
2042 2829 2406 2874 Orichalcicus

201 2907 288 2959 est,
315 2907 390 2950 uti
410 2908 451 2951 81
470 2907 579 2962 ipsa
601 2907 917 2962 pinnacidia.
945 2906 1382 2962 Perpendiculum
1403 2906 1487 2949 BT
1506 2919 1534 2950 e
1554 2907 1646 2950 filo
1668 2907 1871 2951 constat
1889 2907 2032 2951 tenui
2053 2906 2404 2959 Orichalcico,

201 2987 359 3039 prout
373 2985 504 3028 alias
517 2984 670 3028 nobis
684 2984 850 3028 moris
863 2984 949 3028 est.
973 2984 1178 3028 Caetera
1192 2984 1228 3026 fi
1244 2995 1364 3037 quae
1379 2983 1465 3027 hic
1481 2983 1678 3036 omissa,
1701 2996 1769 3027 ex
1784 2984 1894 3039 ipso
1907 2984 2094 3028 intuitu
2109 2984 2404 3039 assequeris,

201 3064 359 3116 prout
383 3061 543 3105 etiam
570 3061 624 3104 in
648 3061 925 3116 prioribus.
955 3061 1274 3105 Incumbunt
1298 3060 1385 3104 hae
1404 3061 1641 3105 Armillae
1663 3061 2007 3106 sustentaculo
2029 3062 2133 3105 five
2158 3061 2406 3116 pedestali

201 3150 231 3182 e
246 3138 408 3183 solido
423 3138 660 3194 Chalybe
682 3138 957 3183 constanti:
980 3139 1124 3193 quod
1140 3150 1235 3193 per
1248 3137 1339 3180 XT
1347 3137 1502 3190 VYZ,
1523 3138 1859 3193 reliquasque
1878 3139 2207 3194 interpositas
2227 3138 2405 3181 literas

202 3215 517 3271 designatur:
552 3216 708 3271 CuJus
740 3216 974 3271 superior
1004 3227 1130 3270 pars
1157 3215 1558 3259 semicircularis
1583 3215 1817 3258 XDWV
1848 3215 2016 3271 ipsum
2050 3215 2404 3259 Meridianum

201 3292 431 3347 reliquas
461 3292 709 3336 Armillas
742 3292 1301 3348 comprehendentem,
1336 3292 1403 3336 ab
1436 3291 1668 3336 inferiori
1701 3295 1852 3347 parte
1884 3292 2131 3336 continue
2163 3292 2331 3336 ambit
2363 3293 2404 3335 81

202 3368 427 3422 sustinet3
456 3369 646 3414 additis
667 3373 895 3425 quatuor
913 3369 1186 3421 tenaculis,
1213 3369 1288 3412 uti
1309 3369 1350 3412 81
1369 3368 1421 3412 in
1441 3369 1617 3423 priori.
1647 3369 1861 3424 Reliqua
1881 3369 2057 3413 forma
2076 3369 2231 3425 hujus
2251 3369 2404 3423 pede-

2250 3447 2403 3501 stalis
