2638 3952
420 284 1031 338 ASTRONOMIAE
1058 285 1625 339 INSTAURATAE
1652 287 2200 342 MECHANICA
2342 290 2411 342 35

207 425 333 468 dam
358 424 602 469 rotundae
629 436 658 468 e
686 424 806 468 forti
833 424 970 480 ligno
1000 425 1252 469 adhaeret.
1287 425 1463 470 Habet
1490 428 1670 470 autem
1698 438 1762 470 ea
1788 426 2008 470 Armilla
2033 426 2168 472 tecte
2196 428 2334 472 intra
2363 429 2411 472 se

207 496 349 551 apud
376 494 419 539 4.
444 495 811 539 transversalia
840 496 960 540 loca
989 497 1190 540 rotulas
1221 497 1493 552 quasdam,
1526 497 1715 552 quibus
1744 497 1966 541 minimo
1996 499 2204 554 negotio
2234 499 2288 542 in
2317 500 2410 543 cir-

131 568 159 611 †
208 565 618 610 cumferentiam
646 566 951 611 Horizontis
978 569 1191 622 quaqua
1217 567 1428 611 versum
1453 567 1648 620 lubeat,
1677 567 2006 612 circumduci
2031 570 2209 624 potest.
2241 571 2411 625 Atque

207 639 276 682 fic
295 637 548 682 fenestras
568 637 840 693 oblongas,
864 649 996 692 quas
1015 637 1215 682 tectum
1234 639 1412 691 habet,
1435 639 1596 683 etiam
1617 651 1684 683 ex
1696 639 1972 683 Asserculis
1991 638 2180 692 factas;
2204 653 2324 695 quae
2345 653 2411 685 ex

135 717 157 752 5
206 709 444 764 oppofito
466 709 535 752 ad
554 708 784 752 invicem
806 709 934 761 sunt,
961 708 1015 751 in
1041 709 1266 764 quodvis
1287 710 1424 753 fidus
1446 710 1836 754 observandum
1858 710 2013 754 facile
2034 711 2254 766 dirigere
2273 712 2408 756 licet.

205 780 338 833 Quae
359 779 598 824 fenestrae
618 778 834 835 peracta
854 779 1222 824 observatione
1242 781 1576 834 clauduntur,
1597 784 1655 824 ut
1673 780 1912 825 immune
1932 782 1990 825 fit
2005 782 2409 827 Instrumentum

205 851 272 895 ab
300 851 487 907 injuria
506 850 671 903 Aeris,
699 851 1002 906 pluviarum
1029 863 1093 895 ac
1120 854 1419 896 ventorum.
1449 852 1605 904 Quod
1631 852 1793 896 etiam
1818 853 1871 896 in
1897 854 2106 897 caeteris
2131 854 2408 907 machinis,

347 925 686 977 quacumque
714 922 918 966 ratione
946 922 1062 966 fieri
1091 923 1298 977 poterit,
1330 924 1633 967 cavendum
1659 923 1744 967 est.
1777 923 1879 967 Hae
1906 924 2047 968 enim
2073 936 2267 980 magno

489 993 742 1045 constant,
771 993 812 1036 81
838 993 994 1037 facile
1020 993 1337 1038 detrimento
1365 994 1613 1039 obnoxiae
1638 995 1945 1048 redduntur,
1977 995 2067 1040 nili
2095 1009 2126 1040 a

114 1071 156 1107 10
673 1064 933 1120 violentijs
952 1065 994 1108 81
1014 1065 1432 1110 Elementaribus
1451 1066 1860 1121 inquinamentis
1881 1079 1944 1111 ac

881 1136 1261 1181 mutationibus
1279 1139 1410 1181 tutae
1429 1137 1734 1181 reddantur.

341 3428 386 3464 ⁵*
1967 3421 2399 3485 QVADRANS
