2638 3952
99 1050 142 1086 lo

97 1407 139 1442 15

91 1763 137 1798 20

90 2120 137 2155 25

410 262 1019 316 ASTRONOMIAE
1046 262 1613 317 INSTAURATAE
1640 265 2189 320 MECHANICA
2307 266 2399 320 145

195 401 600 457 septentrionali
629 402 885 455 conferat,
920 403 1149 447 eandem
1178 403 1342 447 etiam
1370 403 1600 447 inveniet
1629 403 1878 457 formam,
1911 405 1985 448 ita
2013 409 2070 449 ut
2099 405 2280 450 omnia
2310 406 2401 449 fibi

194 472 423 516 invicem
444 473 907 528 correspondeant,
930 475 971 518 81
991 477 1328 530 competente
1349 475 1671 530 symmetria
1693 476 1948 528 constent;
1972 480 2129 531 prout
2148 477 2201 519 in
2220 477 2401 520 Archi-

193 542 482 596 tecstonicis,
510 544 546 587 fi
573 544 852 588 artificiose
878 545 920 588 82
946 545 1124 589 debito
1152 546 1316 589 modo
1344 546 1678 590 conficienda
1705 546 1834 598 sunt,
1865 547 2160 601 requiritur.
2193 547 2330 599 Quin
2358 548 2399 589 ἃ

195 615 551 667 subterranea,
568 627 689 670 quae
703 614 965 671 puncf’tatis
979 616 1182 660 lineolis
1195 616 1412 660 inferius
1427 616 1833 671 conspiciuntur,
1854 618 1921 660 lic
1938 617 2051 660 sunt
2065 618 2397 672 accipienda:

193 685 336 728 Infra
349 686 556 729 Turrim
570 686 863 730 Australem
886 687 1135 742 quicquid
1155 687 1400 740 cernitur,
1423 687 1808 731 laboratorium
1825 689 2253 743 Pyronomicum,
2277 701 2401 743 quo-

193 757 262 800 ad
287 757 403 800 fieri
428 757 611 812 potuit,
641 757 908 813 exprimit3
936 757 1027 802 ubi
1057 757 1095 801 1.
1119 758 1301 802 Mensa
1327 759 1398 803 est
1423 759 1653 802 rotunda
1678 759 1732 801 in
1758 760 1868 815 ejus
1892 760 2183 803 meditullio
2205 761 2318 804 fita:
2347 760 2401 803 in

193 830 296 883 qua
323 832 649 883 reponantur
674 840 754 881 ea,
782 841 904 884 quae
930 829 1287 884 praeparanda
1313 830 1442 874 sunt.
1472 830 1739 874 Numerus
1765 829 1808 873 2.
1837 829 2022 874 furnos
2041 831 2175 874 varii
2197 831 2400 886 generis

191 899 543 944 circumcirca
563 899 833 955 dispositos
852 903 1122 955 utcunque
1141 901 1499 957 repraesentat.
1528 901 1794 955 Erantque
1814 913 2039 945 numero
2064 901 2131 945 16.
2153 902 2272 945 Tria
2293 903 2401 945 bal-

190 982 290 1014 nea
321 970 688 1016 diverfimoda.
719 971 868 1016 Vnus
897 971 1201 1027 digestorius
1231 972 1285 1016 in
1317 971 1597 1024 cineribus,
1631 975 1861 1026 quatuor
1888 973 2066 1028 magni
2095 973 2397 1026 athanores‚

191 1041 297 1086 duo
333 1042 500 1097 parvi,
541 1043 647 1086 duo
680 1042 819 1086 furni
850 1042 1172 1087 destillatorii
1201 1043 1255 1087 in
1287 1045 1450 1087 arena
1482 1044 1567 1087 vel
1600 1043 1879 1095 cineribus,
1912 1043 2061 1087 Vnus
2096 1055 2194 1098 pro
2226 1045 2398 1087 vesica

189 1115 400 1169 magna,
431 1113 727 1169 duplicibus
754 1114 1028 1158 canalibus
1055 1115 1325 1170 adaptata,
1355 1114 1500 1158 Alius
1526 1115 1756 1159 secretus
1782 1114 1966 1158 furnus
1993 1126 2118 1158 cum
2143 1115 2398 1170 lampadi-

189 1184 302 1228 bus.
335 1185 455 1228 Duo
483 1185 892 1229 reverberatorii
920 1185 1075 1238 furni,
1107 1197 1337 1240 quorum
1364 1197 1502 1230 unus
1530 1185 1583 1228 in
1612 1184 1886 1238 directum,
1918 1186 2051 1229 alter
2078 1198 2174 1241 per
2201 1187 2396 1230 lineam

189 1255 434 1300 Helicam
462 1259 577 1300 tam
606 1260 789 1311 aperte
819 1269 983 1312 quam
1012 1258 1187 1301 clause
1218 1257 1613 1301 reverberabat.
1647 1258 1876 1312 Eratque
1909 1257 2084 1313 major
2114 1257 2395 1301 fornacum

187 1339 312 1382 pars
332 1339 361 1371 e
381 1327 642 1383 lapidibus
662 1328 910 1373 fossilibus
925 1340 955 1373 e
970 1328 1236 1384 Norvagia
1251 1329 1438 1381 allatis,
1461 1341 1594 1384 quas
1609 1329 1887 1384 Bergenses
1902 1331 2119 1372 vocant:
2143 1329 2396 1383 liquidem

188 1398 243 1441 hi
261 1398 436 1454 ignem
454 1399 787 1444 fortissimum
808 1400 1099 1452 sustineant,
1122 1401 1164 1444 ἃ
1184 1400 1392 1444 affabre
1411 1401 1677 1444 elaborari
1699 1404 1909 1455 queant.
1936 1400 2039 1443 Sed
2060 1401 2253 1456 lingula
2275 1413 2395 1455 quae

186 1470 240 1513 in
253 1471 357 1514 hoc
374 1474 525 1514 erant
538 1471 882 1524 laboratorio,
905 1472 940 1514 fi
961 1473 1278 1527 exponenda
1292 1472 1482 1524 forent,
1504 1484 1612 1516 non
1626 1472 1810 1527 paucis
1827 1472 2237 1515 absolverentur.
2261 1471 2394 1524 Quae

185 1541 322 1585 infra
345 1542 512 1597 ipsam
532 1543 795 1598 maj0rem
816 1544 1041 1587 domum
1061 1544 1327 1599 designata
1348 1543 1477 1595 sunt,
1507 1544 1692 1595 Cellas,
1720 1544 2044 1598 repositoria,
2064 1535 2296 1598 ⁷81⁵penu,
2324 1543 2394 1586 in-

186 1613 366 1657 dicant
393 1613 748 1658 subterranea.
776 1613 879 1658 Vbi
900 1615 1082 1670 Januae
1111 1627 1206 1670 per
1232 1627 1366 1670 quas
1394 1614 1517 1658 hinc
1547 1615 1668 1659 inde
1696 1615 1757 1657 fit
1781 1614 2028 1670 ingressus
2053 1626 2198 1657 num.
2226 1614 2270 1658 3.
2302 1615 2395 1658 Co-

186 1685 385 1728 lumnae
406 1688 586 1728 autem
608 1685 936 1730 sustentaculi
955 1687 1077 1730 loco
1099 1686 1356 1741 dispofitae
1377 1699 1522 1730 num.
1543 1685 1588 1730 4.
1610 1689 1875 1730 notantur.
1899 1685 2005 1728 Sub
2028 1685 2233 1729 Boreali
2245 1685 2394 1728 Turri

245 1756 392 1799 iuxta
411 1769 558 1800 num.
579 1758 622 1800 5.
645 1757 834 1800 Puteus
852 1757 938 1800 ille
959 1757 1300 1801 Cementitius
1320 1758 1553 1801 cernitur
1569 1757 1644 1801 40.
1665 1759 1818 1806 ulnas
1838 1757 2154 1811 profundus:
2185 1757 2334 1812 cujus

363 1827 542 1882 postea
561 1828 615 1872 in
635 1828 1023 1884 Ichnographia
1042 1828 1262 1872 ulterior
1280 1828 1341 1871 fit
1360 1829 1575 1872 mentio.
1609 1828 1846 1872 Numero
1865 1828 1908 1871 6.
1932 1827 2079 1872 Cistae
2101 1828 2215 1871 sunt

497 1899 841 1951 Cementitiae‚
862 1899 915 1942 in
935 1900 1125 1954 quibus
1145 1899 1321 1943 edulia
1341 1900 1592 1954 quaedam
1613 1899 2077 1944 conservabantur.

736 1971 942 2014 Caetera
962 1971 1157 2026 partim
1176 1970 1345 2026 figura
1365 1971 1627 2026 exprimit,
1648 1970 1844 2026 partim

877 2052 878 2056 ¹
1074 2041 1503 2097 subintelligenda

1172 2112 1404 2157 veniunt.

223 3421 227 3424 ·
275 3421 283 3425 ·
329 3412 370 3447 19
1732 3400 2379 3454 ORTHOGRAPHIA
