2638 3952
242 305 309 356 34
452 302 1062 356 ASTRONOMIAE
1089 301 1655 355 INSTAURATAE
1681 302 2229 356 MECHANICA

241 446 409 487 meter
438 442 508 486 est
536 442 578 486 6.
608 442 817 486 circiter
845 442 1161 495 cubitorum,
1194 454 1300 497 quo
1330 443 1397 486 fic
1429 441 1692 486 sufficiens
1722 442 1946 497 spatium
1976 442 2034 485 fit
2061 442 2196 486 inter
2221 442 2443 486 circum-

239 514 521 559 ferentiam
554 514 874 566 Quadrantis
907 515 948 557 8ι
980 514 1373 558 concavitatem
1405 516 1626 569 cryptae,
1665 525 1769 567 quo
1803 513 2123 557 observator
2155 514 2443 558 commode

241 585 523 630 circumire
544 585 720 642 queat)
739 585 902 628 habet
923 585 1076 640 supra
1097 585 1356 629 circulum
1378 585 1645 640 quendam
1668 584 2083 637 Moechanicum,
2104 584 2312 628 laminis
2333 584 2444 628 Ori-

241 656 491 701 chalcicis
511 656 769 708 vestitum,
790 656 843 699 in
864 667 969 710 quo
991 656 1173 700 omnia
1191 656 1351 700 totius
1373 655 1693 707 Horizontis‚
1721 654 1826 712 (cui
1847 655 1936 699 suo
1957 655 2251 710 aequilibrio
2272 667 2445 700 corre-

242 727 514 785 spondent)
532 727 818 770 Azimutha
837 727 890 770 in
910 727 1158 771 minutias
1180 727 1437 770 subdivisa
1456 727 1681 782 praebet:
1709 738 1921 781 unaque
1940 726 2194 770 immotus
2213 727 2441 782 persistit.

241 799 528 843 Exordium
549 799 972 850 Azimuthorum,
995 799 1139 853 quod
1160 811 1192 842 a
1211 798 1349 842 linea
1371 798 1609 841 Meridiei
1629 798 1905 852 dependet,
1931 800 2080 841 tanta
2101 798 2446 854 circumspec-

240 871 383 915 tione
403 871 444 913 8ι
465 870 743 913 subtilitate
762 869 1077 924 inquisitum,
1100 873 1157 912 ut
1176 870 1319 914 nullo
1339 870 1543 913 minuto
1559 869 1969 913 observatorem
1990 870 2183 913 eludat.
2207 869 2446 914 Meridiei

242 942 380 985 linea
401 941 520 993 alia,
543 942 583 984 81
603 942 756 996 longe
777 940 1003 984 certiore
1022 941 1244 992 ratione,
1267 953 1430 995 quam
1450 939 1706 984 hactenus
1722 952 1754 983 a
1769 952 2041 995 quoquam
2054 939 2272 993 factum,
2293 941 2446 985 nobis

242 1026 309 1057 ex
332 1013 447 1067 ipsa
473 1012 616 1056 stella
640 1012 825 1067 polari‚
855 1012 1068 1066 quando
1089 1011 1382 1066 praesertim
1401 1012 1644 1066 utrinque
1666 1024 1698 1054 a
1718 1012 1842 1066 polo
1863 1011 2162 1055 maximum
2182 1013 2446 1067 Angulum

241 1083 550 1128 remotionis
563 1082 922 1127 Horizontalis
934 1082 1216 1135 caussatur;
1233 1086 1392 1138 atque
1404 1086 1530 1126 tunc
1546 1083 1690 1137 quafi
1703 1083 1757 1125 in
1771 1083 1960 1126 eodem
1970 1083 2240 1126 Azimuthi
2249 1082 2445 1138 puncto

242 1155 628 1209 aliquantulum
642 1154 906 1198 subsistere
920 1154 1142 1206 videtur,
1166 1154 1451 1198 adinventa
1464 1154 1670 1197 ratione
1682 1153 1938 1197 infallibili
1951 1154 1992 1196 81
2006 1155 2267 1209 expedita.
2291 1154 2446 1206 Quod

242 1227 282 1269 8ι
304 1237 484 1281 operae
503 1226 731 1281 pretium
752 1228 886 1278 erat;
910 1225 1164 1280 fiquidem
1183 1237 1359 1280 pauca
1372 1225 1426 1268 in
1440 1225 1906 1269 Observationibus
1919 1225 2296 1270 Astronomicis
2314 1225 2447 1270 citra

243 1298 422 1341 Lineae
444 1297 682 1340 Meridiei
702 1296 1114 1341 acuratissimam
1134 1296 1490 1352 cognitionem
1509 1296 1767 1351 perficere
1786 1296 1957 1340 liceat.
1985 1295 2265 1340 Tractandi
2291 1297 2332 1339 81
2359 1296 2448 1341 ob-

243 1368 483 1412 servandi
507 1368 643 1412 ratio
669 1368 722 1412 in
747 1368 852 1412 hoc
880 1368 1228 1412 Instrumento
1254 1368 1374 1411 talis
1400 1368 1486 1420 est,
1516 1371 1575 1411 ut
1602 1368 1655 1411 in
1685 1369 2039 1423 quodcunque
2069 1369 2206 1412 fidus
2232 1368 2447 1412 Coelitus

242 1440 621 1492 denotandum,
653 1440 925 1495 dirigatur;
958 1440 1432 1483 circumvolvendo
1461 1440 1681 1494 planum
1711 1439 2054 1491 Quadrantis:
2087 1440 2128 1482 δι
2158 1439 2447 1483 attollendo

242 1512 695 1566 deprimendoque
716 1512 826 1568 ejus
847 1512 1085 1566 regulam
1106 1522 1231 1554 cum
1252 1510 1353 1554 suis
1373 1510 1609 1566 dioptris,
1631 1511 1803 1554 donec
1818 1522 1913 1565 per
1926 1510 2145 1554 rimulas
2165 1510 2446 1566 pinnacidij

234 1583 385 1639 juxta
407 1583 624 1627 oculum
644 1582 905 1626 existentis
930 1581 1165 1637 primum
1184 1594 1214 1626 e
1234 1582 1499 1637 superiore
1521 1582 1657 1626 fidus
1680 1581 1808 1625 illud
1827 1581 1881 1625 in
1902 1581 2154 1637 superiori
2173 1582 2334 1626 etiam
2355 1581 2450 1637 Cy-

241 1653 395 1697 lindri
414 1653 579 1697 limbo
601 1652 784 1697 exacte
805 1652 1177 1708 conspiciatur:
1209 1656 1367 1708 atque
1387 1653 1530 1696 idem
1549 1653 1749 1708 pariter
1768 1664 1898 1697 mox
1916 1653 2011 1697 fiat
2030 1665 2125 1709 per
2143 1653 2448 1697 inferiorem

242 1725 509 1777 rimulam,
540 1724 775 1768 inferiori
803 1725 965 1768 etiam
994 1724 1159 1767 limbo
1190 1724 1493 1768 attendenti.
1529 1724 1612 1768 Sic
1643 1724 1784 1768 enim
1814 1725 2022 1780 Regula,
2052 1725 2145 1768 ubi
2173 1724 2449 1769 divisiones

243 1795 498 1840 abscindit
517 1796 669 1851 juxta
697 1796 758 1848 K,
788 1796 1117 1839 altitudinem
1140 1795 1272 1839 Astri
1298 1796 1573 1850 quaefitam
1600 1794 1917 1840 exadtissime
1943 1796 2211 1851 patefacit.
2240 1796 2293 1839 Si
2317 1807 2447 1840 vero

243 1867 434 1910 eadem
455 1869 619 1922 opera
638 1867 986 1910 Azimuthum
1007 1878 1218 1921 quoque
1238 1866 1367 1910 scire
1391 1867 1600 1910 animus
1626 1867 1712 1919 est,
1740 1868 1988 1911 volvatur
2011 1879 2301 1923 parumper
2325 1868 2447 1912 hinc

242 1938 363 1981 inde
378 1937 658 1989 Quadrans
672 1950 768 1993 per
782 1938 930 1981 suam
945 1939 1271 1990 columnam,
1295 1939 1464 1982 donec
1484 1938 1628 1981 idem
1649 1939 1785 1981 fidus
1804 1950 1900 1993 per
1918 1941 2180 1993 utranque
2199 1938 2448 1982 rimulam

242 2010 519 2052 lateralem
533 2009 685 2065 Juxta
705 2009 976 2064 planitiem
994 2009 1267 2064 utriusque
1286 2009 1466 2053 lateris
1486 2010 1719 2065 Cylindri
1738 2010 1888 2053 fimul
1910 2010 2275 2065 conspiciatur.
2302 2010 2447 2053 Tunc

242 2080 383 2123 enim
398 2080 556 2124 index
568 2080 611 2133 Q
624 2081 676 2124 in
688 2081 1117 2125 circumferentia
1130 2080 1448 2125 horizontali
1462 2094 1569 2124 una
1582 2081 1882 2136 ipfissimum
1895 2080 2445 2136 panditAzimuthum.

243 2151 508 2203 Quoniam
534 2163 664 2196 vero
693 2152 813 2196 haec
844 2153 950 2196 duo
977 2152 1047 2196 ob
1075 2152 1204 2196 Coeli
1230 2152 1542 2197 continuum
1568 2153 1609 2195 δι
1635 2154 1878 2197 velocem
1903 2155 2128 2205 motum,
2159 2164 2267 2197 non
2291 2152 2448 2196 facile

243 2223 392 2265 simul
413 2222 453 2265 81
474 2222 631 2267 semel
653 2223 1031 2277 discernuntur,
1059 2223 1272 2278 praestat
1296 2224 1457 2279 figere
1483 2223 1713 2268 indicem
1735 2224 1779 2277 Q
1800 2224 1854 2268 in
1874 2227 2020 2269 certo
2041 2224 2218 2280 aliquo
2238 2224 2448 2268 Azimu-

241 2293 352 2346 tho,
379 2294 465 2338 cui
485 2294 621 2338 fidus
643 2295 1052 2350 appropinquat;
1082 2293 1428 2350 expectando,
1457 2295 1627 2339 donec
1648 2307 1713 2340 eo
1734 2299 1884 2339 motu
1903 2295 2182 2340 universali
2202 2296 2450 2340 devolva-

241 2368 341 2417 tur,
374 2368 532 2420 atque
561 2365 613 2409 in
642 2366 834 2410 eodem
862 2366 1069 2410 instanti
1098 2366 1428 2410 altitudinem
1457 2369 1605 2411 mota
1633 2367 1831 2411 sursum
1857 2368 1941 2411 vel
1968 2367 2214 2411 deorsum
2240 2368 2447 2423 Regulae

244 2436 452 2491 dioptra
473 2437 755 2491 capiendo:
779 2437 934 2489 Quod
954 2438 1098 2482 nullo
1120 2437 1230 2481 fere
1251 2437 1460 2493 negotio
1482 2437 1886 2482 administratur.

317 2507 490 2551 USUS
516 2508 671 2563 hujus
693 2508 888 2563 Organi
914 2508 999 2560 est,
1027 2509 1102 2552 uti
1129 2509 1372 2561 aliorum,
1401 2521 1523 2563 quae
1548 2521 1644 2564 per
1661 2509 1972 2553 Altitudines
1993 2510 2034 2552 81
2053 2509 2341 2553 Azimutha
2363 2521 2448 2553 ex-

243 2578 539 2632 pediuntur.
569 2578 747 2622 Habet
770 2582 954 2623 tamen
979 2591 1093 2634 prae
1120 2580 1232 2635 aliJ‘s
1258 2580 1399 2623 hanc
1425 2580 1856 2636 praerogativam,
1885 2581 2029 2635 quod
2050 2580 2182 2624 citra
2207 2581 2451 2625 laborem

245 2649 427 2692 omnia
454 2660 548 2703 per
569 2650 738 2704 ipsum
758 2649 1090 2703 exactissime,
1118 2652 1159 2694 81
1185 2654 1315 2703 tuto,
1345 2651 1587 2705 adeoque
1607 2652 1744 2695 intra
1766 2655 2014 2706 quartam
2034 2652 2222 2695 minuti
2241 2655 2451 2707 partem

245 2720 494 2774 consequi
518 2720 691 2764 liceat.
720 2721 875 2772 Quod
900 2721 1179 2776 prioribus,
1208 2734 1334 2766 cum
1362 2722 1430 2766 ob
1457 2722 1792 2777 parvitatem,
1819 2726 1935 2766 tum
1955 2723 2116 2767 etiam
2139 2722 2450 2767 structuram

245 2802 352 2834 non
382 2792 518 2835 adeo
548 2792 869 2836 concinnam
898 2793 940 2835 81
968 2793 1078 2836 usui
1111 2793 1340 2845 facilem,
1376 2793 1693 2848 denegatum
1727 2794 1812 2838 est.
1848 2794 2026 2846 Quare
2057 2794 2197 2838 hanc
2229 2794 2451 2839 fabricae

245 2861 508 2906 rationem
526 2862 873 2907 Astronomus
900 2864 990 2907 fibi
1018 2876 1181 2919 quam
1208 2863 1443 2907 maxime
1471 2866 1909 2908 commendatam
1935 2865 2153 2909 habeat:
2183 2865 2300 2918 Quo
2320 2876 2449 2910 vero

247 2933 584 2977 commodius
621 2937 736 2977 tam
772 2934 908 2978 inter
939 2935 1329 2979 observandum
1369 2947 1531 2990 quam
1570 2937 1963 2980 numerandum
1995 2936 2342 2981 Instrumento
2375 2937 2451 2980 uti

244 3004 417 3056 liceat,
446 3004 654 3048 Gradus
679 3017 775 3060 per
792 3005 832 3048 T
851 3007 1211 3060 repraesentati
1231 3006 1648 3061 circumquaque
1670 3007 1972 3060 ascendunt,
2000 3007 2116 3062 pari
2135 3007 2304 3051 ferme
2324 3019 2449 3051 cum

245 3074 355 3129 ipso
370 3075 690 3127 Quadrantis
711 3075 885 3129 ductu,
907 3077 979 3120 ita
999 3081 1057 3120 ut
1077 3077 1215 3121 stans
1234 3078 1288 3120 in
1308 3077 1552 3132 supremo
1568 3078 1750 3122 Gradu
1767 3078 2049 3122 observare
2069 3082 2229 3134 queat
2240 3078 2449 3122 Astrum

247 3145 391 3189 circa
421 3146 771 3191 Horizontem
800 3148 1159 3192 constitutum:
1187 3148 1340 3204 juxta
1367 3148 1614 3192 infimum
1642 3161 1772 3193 vero
1802 3149 2001 3202 sedens,
2035 3161 2100 3193 ea
2129 3161 2250 3204 quae
2282 3161 2455 3205 prope·

246 3216 517 3269 verticem,
550 3221 709 3272 atque
735 3219 803 3262 fic
833 3219 898 3263 de
926 3219 1264 3275 intermediis.
1292 3218 1500 3274 Tegitur
1524 3219 1733 3275 insuper
1757 3220 1862 3264 hoc
1890 3220 2298 3264 Instrumentum
2323 3232 2448 3264 cum

248 3287 337 3330 sua
356 3288 610 3331 turricula
632 3289 886 3344 cryptica‚
908 3289 1047 3334 tecto
1070 3291 1305 3345 quodam
1326 3301 1355 3333 e
1375 3290 1611 3346 levigatis
1633 3291 1895 3335 asserculis
1915 3291 2122 3335 affabre
2137 3292 2446 3346 composito,

249 3359 390 3412 quod
416 3358 630 3402 inferius
657 3372 812 3404 muro
835 3360 1166 3405 Horizontali
1192 3364 1343 3404 extra
1363 3360 1757 3405 Azimuthalem
1784 3362 2059 3414 circulum,
2087 3362 2322 3406 Armillae
2346 3362 2449 3406 cui-

2309 3435 2447 3487 dam

2494 737 2516 772 5

2501 1447 2543 1483 15

2497 1803 2544 1839 20

2496 2161 2542 2196 25

2499 2873 2545 2908 35
