2638 3952
273 268 342 321 82
487 267 1096 321 ASTRONOMIAE
1121 269 1687 323 INSTAURATAE
1713 270 2261 325 MECHANICA

274 410 701 455 circumferentia
723 410 974 464 quaedam
996 409 1168 462 GLH,
1190 410 1352 465 priori
1373 411 1580 466 Regulae
1594 411 1746 466 juxta
1761 410 1806 454 G
1821 410 2000 463 affixa,
2023 411 2064 453 81
2084 412 2251 455 altera
2271 412 2414 467 apud
2431 412 2475 455 L
2550 424 2553 426 ·

271 495 540 544 transiens,
563 493 712 548 cujus
733 492 974 536 officium
994 493 1080 544 est,
1103 494 1294 537 ambas
1315 494 1532 549 Regulas
1553 494 1605 536 in
1625 494 1715 537 suo
1736 495 1895 548 plano
1917 494 2182 546 cohibere,
2203 506 2270 538 ne
2284 495 2352 538 ob
2367 496 2475 539 lon-

273 577 558 632 gitudinem
572 575 807 620 nonnihil
821 575 1188 619 distrahantur.
1201 576 1366 620 Potest
1380 577 1543 620 etiam
1556 577 1610 620 in
1623 577 1815 620 eodem
1823 578 1966 621 Arcu
1981 590 2013 621 a
2026 577 2310 632 posteriore
2323 581 2475 633 parte

271 660 476 704 firmari
503 660 736 715 Angulus
766 659 1111 702 Instrumenti.
1143 659 1308 703 Distat
1335 671 1465 703 vero
1494 660 1537 703 is
1567 672 1599 703 a
1629 663 1812 704 centro
1843 660 1987 715 quafi
2015 647 2113 715 pro
2141 660 2295 704 tertia
2323 664 2475 716 parte

271 743 605 799 longitudinis
619 743 950 798 Regularum,
972 746 1030 786 ut
1049 743 1338 787 commode
1357 743 1522 787 isthuc
1544 743 1808 798 applicata
1830 745 1996 787 altera
2015 756 2180 787 manu
2193 744 2302 799 regi
2316 747 2475 799 queat

269 828 323 871 in
343 839 407 871 eo
429 830 606 871 motus
621 827 936 882 Regularum
957 829 1116 880 atque
1136 825 1360 870 stabiliri.
1384 826 1561 870 Habet
1578 827 1787 881 insuper
1803 828 1909 870 duo
1927 827 2210 871 manubria
2224 827 2292 871 ab
2307 828 2473 871 altera

270 914 437 965 parte,
461 922 582 965 quae
602 910 687 953 hic
708 909 1074 964 repraesentari
1093 920 1201 953 non
1220 912 1480 964 poterant.
1502 910 1764 953 Pedestale
1783 910 1854 953 illi
1872 911 2076 953 nullum
2089 911 2205 966 jam
2220 914 2336 954 tum
2353 922 2475 954 con-

271 993 588 1045 struxeram;
628 992 716 1036 sed
753 1004 878 1036 cum
915 1003 1023 1036 non
1059 992 1216 1036 nimis
1248 1003 1410 1047 grave
1441 992 1563 1036 esset
1594 993 2017 1045 Instrumentum‚
2057 993 2212 1048 supra
2242 993 2474 1037 fulcrum

271 1077 487 1133 aliquod
521 1076 882 1119 transversum
919 1075 1143 1119 firmiter
1179 1075 1315 1118 infra
1353 1076 1595 1130 politum,
1633 1079 1844 1131 poterat
1880 1076 1933 1119 in
1970 1076 2173 1131 quaevis
2208 1076 2474 1120 stellarum

269 1163 430 1217 plana
450 1159 595 1203 haud
617 1158 912 1203 admodum
932 1158 1216 1202 difficulter
1234 1158 1428 1202 verti&
1449 1159 1726 1211 contineri3
1749 1159 1919 1203 donec
1941 1159 2239 1203 observatio
2259 1157 2475 1214 peracsta

269 1245 422 1289 foret.

343 1326 517 1373 USUS
537 1327 649 1383 ejus
669 1325 740 1370 est
760 1325 1220 1380 quemadmodum
1239 1325 1292 1368 in
1311 1325 1489 1381 priori,
1512 1326 1778 1381 applicato
1800 1327 1956 1371 oculo
1972 1326 2041 1370 ad
2056 1326 2077 1369 1
2092 1326 2133 1369 81
2148 1324 2475 1372 circumacto

269 1410 552 1456 manubrio
573 1409 624 1461 F,
651 1421 864 1464 unaque
890 1407 1254 1453 circumducta
1276 1409 1497 1453 cochlea
1519 1409 1612 1452 DE
1633 1410 1983 1453 contrahatur
2001 1410 2085 1453 vel
2112 1409 2358 1453 dilatetur
2375 1411 2477 1454 An-

270 1497 420 1552 gulus
441 1493 772 1538 Instrumenti
797 1492 950 1544 ΒΑΕ,
978 1493 1149 1536 donec
1177 1492 1340 1536 ambo
1367 1492 1551 1544 sidera,
1579 1503 1809 1547 quorum
1834 1493 2158 1537 remotiones
2185 1493 2476 1547 quaerimus

270 1579 408 1622 intra
426 1576 728 1633 pinnacidia
748 1577 786 1619 B
805 1575 847 1618 81
867 1575 905 1618 C
926 1575 995 1618 ad
1015 1575 1258 1619 amussim
1278 1575 1319 1618 ἃ
1340 1575 1642 1619 centraliter
1661 1579 1960 1619 cernantur.
1981 1575 2126 1619 Tunc
2147 1576 2289 1619 enim
2304 1576 2475 1620 Arcus

270 1661 582 1717 pinnacidijS
602 1661 643 1703 ἃ
664 1659 866 1714 Regulis
891 1658 1089 1702 ibidem
1113 1658 1451 1714 interceptuS,
1481 1659 1880 1704 observatorem
1899 1658 2010 1703 voti
2030 1662 2339 1714 compotem
2363 1659 2477 1703 red-

271 1745 360 1789 dit.
387 1745 455 1788 At
480 1743 735 1799 quoniam
761 1744 1005 1786 centrum
1029 1741 1167 1785 visus
1194 1745 1378 1786 centro
1398 1741 1731 1786 Instrumenti
1756 1741 1991 1797 respectu
2017 1742 2166 1798 quus
2187 1742 2476 1787 Divifiones

270 1828 581 1884 procedunt,
610 1825 865 1882 applicari
889 1837 998 1869 non
1022 1825 1204 1880 potest,
1231 1825 1544 1880 prohibente
1570 1825 1733 1870 solida
1759 1829 1926 1880 parte,
1956 1837 2077 1880 quae
2103 1825 2174 1869 est
2199 1826 2267 1870 ab
2287 1827 2333 1869 A
2354 1826 2407 1870 in
2430 1826 2472 1879 1;

269 1912 469 1955 idcirco
495 1909 840 1955 necessarium
866 1909 953 1962 est,
981 1908 1277 1961 Distantias‚
1309 1910 1465 1952 oculo
1491 1909 1799 1952 Excentrice
1825 1908 2102 1953 constituto
2129 1909 2406 1953 demensas
2434 1909 2475 1952 ἃ

270 1995 323 2038 in
340 1995 484 2039 Arcu
504 1995 813 2038 numeratas
827 1992 962 2048 justo
983 1992 1216 2047 majores
1236 1991 1335 2036 esse
1354 1991 1416 2048 ijs
1437 2004 1559 2047 quae
1578 1992 1669 2047 ipfi
1690 1992 1836 2036 Coelo
1858 1995 2182 2047 competunt.

342 2078 519 2131 Quare
544 2080 603 2121 ut
627 2076 750 2120 huic
777 2075 1203 2120 incommoditati
1222 2075 1600 2128 subveniretur,
1620 2075 1893 2119 Tabellam
1920 2075 2192 2130 quandam
2212 2076 2477 2120 construx-

270 2173 437 2213 eram,
476 2161 809 2215 eandemque
849 2159 915 2203 ab
956 2160 1121 2202 altera
1157 2158 1489 2202 Instrumenti
1525 2162 1677 2214 parte
1715 2159 2046 2211 denotatam,
2085 2162 2144 2203 ut
2181 2159 2387 2214 semper
2422 2159 2475 2202 in

269 2248 521 2300 promptu
547 2244 683 2296 esset,
712 2255 833 2299 quae
858 2243 1158 2286 Parallaxes
1185 2242 1517 2286 Instrumenti
1542 2242 1905 2297 suppeditavit,
1937 2244 2197 2296 quantum
2222 2241 2475 2285 nimirum

263 2328 417 2384 juxta
436 2328 660 2383 singulos
680 2325 1060 2371 observationis
1080 2324 1237 2369 factae
1259 2326 1468 2369 Gradus
1489 2325 1905 2369 subtrahendum
1931 2325 2067 2378 esset‚
2095 2328 2154 2369 ut
2171 2336 2302 2369 vera
2322 2325 2473 2381 &ipsi

270 2412 415 2455 Coelo
437 2411 669 2455 consona
688 2409 991 2465 proveniret
1009 2408 1369 2463 intercapedo,
1398 2411 1557 2463 atque
1581 2408 1794 2463 prorsus
1817 2408 2025 2462 eadem,
2053 2420 2174 2463 quae
2195 2420 2262 2452 ex
2282 2408 2473 2452 Centro

270 2494 601 2538 Instrumenti
626 2493 861 2548 prodiret
881 2493 916 2535 fi
937 2495 1180 2536 centrum
1199 2492 1337 2535 visus
1357 2491 1531 2535 eidem
1550 2491 1801 2535 uniretur.
1830 2491 1946 2544 Qua
1966 2502 2096 2535 vero
2122 2491 2328 2536 ratione
2352 2491 2472 2536 haec

269 2577 471 2621 Tabula
481 2578 633 2633 juxta
646 2576 1049 2631 Triangulorum
1068 2576 1352 2629 planorum
1371 2573 1699 2619 inductiones
1720 2575 2038 2618 concinnata
2058 2575 2132 2627 fit,
2154 2574 2475 2618 demonstra-

269 2663 356 2703 tur
381 2672 413 2703 a
438 2659 591 2704 nobis
616 2659 669 2702 in
693 2658 1173 2714 Progymnasmatis
1194 2658 1585 2702 Instaurationis
1605 2657 1987 2702 Astronomicae
2007 2658 2277 2701 volumine
2297 2657 2472 2702 nostro

268 2743 442 2798 primo
468 2755 585 2798 pag.
607 2742 695 2786 342
713 2742 767 2785 in
786 2742 960 2797 capite
983 2741 1216 2785 eiusdem
1236 2744 1448 2795 quarto;
1477 2740 1621 2795 quod
1648 2740 1779 2784 alias
1800 2754 1832 2784 a
1851 2753 1968 2796 pag.
1990 2740 2093 2784 335.
2114 2741 2276 2796 usque
2295 2741 2349 2784 in
2367 2739 2469 2784 343.

268 2827 592 2870 luculentam
618 2825 773 2881 hujus
799 2824 1131 2868 Instrumenti
1157 2824 1561 2879 descriptionem
1587 2823 1814 2868 exhibet.
1845 2824 1929 2867 Ad
1954 2824 2097 2879 quod
2125 2821 2380 2867 led-'torem
2405 2823 2472 2866 de

267 2908 372 2952 hoc
398 2909 552 2963 plura
578 2907 927 2963 cognoscendi
952 2907 1206 2962 cupidum
1231 2906 1459 2950 remitto.
1491 2907 1726 2950 Inveniet
1755 2907 1916 2951 etiam
1944 2907 2143 2951 ibidem
2170 2907 2331 2962 paulo
2359 2904 2473 2961 post

269 2991 549 3035 Distantias
567 2991 737 3035 Novae
758 2990 916 3035 stellae
934 3002 966 3034 a
982 2989 1322 3034 vicinioribus
1337 2990 1620 3045 Cassiopeae
1642 3001 1705 3034 ac
1727 2989 2041 3045 quibusdam
2062 2989 2189 3046 alijs‚
2209 2991 2326 3032 tum
2347 2998 2473 3043 quo-

269 3086 370 3129 que
399 3074 632 3118 fixarum
660 3074 795 3117 inter
823 3073 874 3117 se
902 3071 1219 3117 exacstissime
1248 3073 1439 3117 eodem
1469 3072 1818 3117 Instrumento
1848 3073 2194 3124 mensuratas,
2229 3074 2388 3126 atque
2418 3070 2472 3125 in

268 3157 419 3199 usum
439 3155 707 3200 deductas.
732 3156 947 3199 Nullum
967 3156 1109 3200 enim
1130 3156 1272 3199 aliud
1287 3155 1410 3199 huic
1426 3155 1606 3200 officio
1621 3156 2040 3200 accommodum
2053 3158 2179 3198 tunc
2195 3154 2265 3198 ad
2278 3165 2470 3197 manus

2527 1166 2571 1202 10

2528 1580 2570 1615 1⁵

2523 1994 2571 2030 20

2521 2411 2569 2446 25

268 3239 558 3283 habebam:
598 3242 781 3294 utpote
813 3250 982 3293 nuper
1012 3250 1042 3282 e
1072 3238 1492 3294 peregrinatione
1526 3239 1846 3282 Germanica
1878 3239 2103 3282 domum
2133 3237 2388 3289 reversus,
2428 3236 2470 3278 ἃ
2518 3238 2565 3275 35

268 3322 630 3376 Pyronomicis
649 3322 824 3377 potius
843 3322 1104 3378 exercitijs
1125 3333 1288 3376 quam
1307 3321 1685 3365 Astronomicis
1703 3325 1830 3365 tunc
1851 3323 2159 3376 occupatus.

2311 3404 2471 3457 Licet
