2644 3978
279 286 384 338 336
811 285 1508 339 ANNOTATIONES
1536 285 1942 339 EDITORIS

1115 426 1647 463 OBSERUATIONES.

278 498 402 532 Anno
426 497 516 532 1588
537 495 604 531 die
629 497 671 531 12
692 496 786 531 Feb.
890 497 929 538 d
951 497 993 532 18
1010 495 1049 540 )(
1079 496 1160 540 (03
1176 495 1216 541 )(
1233 497 1346 533 bona
1419 499 1545 534 Anno
1564 498 1611 534 89
1631 497 1699 533 die
1718 498 1741 534 3
1762 498 1862 534 Dec.
2089 499 2131 534 17
2153 501 2182 538 ὅ
2252 499 2297 534 22
2334 499 2358 534 0
2373 499 2415 542 ‚i‘

281 556 438 591 Eodem
459 566 574 591 anno
595 554 663 591 die
687 556 730 590 15
750 553 833 592 061.
1418 560 1544 593 Anno
1564 558 1611 593 90
1631 557 1698 593 die
1718 558 1740 591 4
1762 556 1901 601 Martii
2084 558 2131 592 24
2144 556 2190 602 Υ
2252 558 2298 593 24
2314 556 2354 602 )(
2371 558 2485 594 bona

325 625 451 650 mane
974 616 987 650 1
1008 613 1061 659 ΤΙΡ
1134 616 1157 651 3
1172 614 1215 660 m
1418 617 1545 652 Anno
1564 616 1610 652 94
1632 616 1700 652 die
1719 617 1766 652 29
1787 616 1997 652 Nouemb.

277 678 402 710 Anno
436 674 525 709 1592
554 675 601 709 29
628 674 743 709 Febr.
770 676 809 710 et
836 673 919 710 die·
1466 685 1592 711 mane
2064 667 2190 720 ‘ism
2255 676 2298 712 18
2313 677 2356 718 ,n

325 735 405 769 bus
427 736 523 770 ante
943 733 990 779 7}
1005 731 1050 778 *ὅ
1111 735 1158 770 20
1175 733 1214 778 )(
1420 735 1522 770 Item
1545 734 1613 770 die
1637 735 1679 770 10
1701 735 1897 771 Decemb-
1919 735 2033 770 bona
2085 735 2132 770 25
2146 733 2190 778 m
2252 735 2299 770 29
2314 736 2356 777 ,ὅ

370 804 587 850 Eligantur
607 804 918 841 obseruationes
939 804 1155 841 matutinae
1178 806 1217 847 6¹
1241 805 1344 841 anni
1363 806 1421 847 94,
1441 805 1681 851 vespertinae
1703 809 1842 842 autem
1862 805 1975 841 Anni
2000 806 2090 842 1588
2113 806 2155 841 12
2176 805 2401 851 Februarii.

349 923 650 978 Sequuntur
671 923 860 967 deinde
881 923 1088 975 calculi,
1111 935 1140 967 e
1161 923 1352 978 quibus
1370 923 1490 968 haec
1512 924 1749 967 maxime
1769 923 2068 967 eliciuntur:

282 1008 372 1043 1588
392 1007 486 1044 Feb.
523 1008 565 1043 12
604 1008 687 1043 Lat.
708 1010 749 1044 vt
767 1006 931 1043 Tabula
951 1007 1032 1043 dat.
1210 1007 1257 1053 7³}
1419 1007 1612 1044 Latitudo
1631 1007 1814 1044 maxima
2072 1008 2163 1043 Bor.
2213 1008 2260 1043 4⁰
2297 1008 2358 1044 34¹

822 1066 1065 1103 obseruatio
1114 1068 1138 1103 0
1185 1068 1233 1102 44
2073 1067 2130 1102 Μ.
2214 1067 2236 1103 7
2297 1067 2344 1103 40

1114 1139 1138 1174 0
1186 1138 1256 1184 35}
1633 1126 1810 1162 minima
2072 1127 2164 1162 Bor.
2213 1127 2237 1162 0
2297 1128 2344 1162 44

2073 1186 2130 1221 Μ.
2213 1186 2236 1222 0
2297 1186 2344 1222 39

282 1247 370 1281 1594
393 1247 497 1282 Nov.
519 1246 565 1281 29
604 1246 686 1282 Lat.
709 1246 888 1290 Copern.
1112 1246 1160 1280 00
1208 1246 1246 1280 9¹
1269 1246 1311 1280 B.
1418 1245 1614 1289 Angulus
1635 1244 1923 1280 inclinationis
1944 1244 2152 1281 maximus
2337 1246 2380 1280 1⁰
2416 1246 2477 1281 54¹

847 1304 1064 1341 obseruata
1113 1305 1136 1340 0
1189 1304 1255 1350 19}
1269 1305 1311 1340 Β.
1941 1304 2145 1340 minimus
2336 1306 2350 1340 l
2440 1306 2463 1341 8

282 1365 371 1400 1590
393 1365 497 1400 Mar.
542 1366 564 1400 4
603 1365 686 1400 Lat.
710 1365 812 1400 Mer.
1112 1364 1159 1399 00
1208 1364 1246 1399 5¹
1273 1364 1345 1399 13¹⁴
1943 1363 2191 1400 Differentia
2333 1364 2356 1399 0
2416 1364 2464 1400 46

847 1423 1064 1460 obseruata
1112 1424 1136 1459 0
1208 1424 1230 1458 4
1270 1424 1316 1458 22
1944 1422 2132 1459 Dimidia
2152 1423 2319 1460 libratio
2416 1424 2464 1459 23

279 1494 412 1538 Haec
440 1506 547 1538 non
574 1496 802 1538 multum
828 1493 1079 1537 differunt
1105 1494 1173 1537 ab
1199 1493 1313 1545 illis,
1342 1504 1463 1547 quae
1489 1492 1687 1535 invenit
1712 1493 1906 1547 Kepler
1924 1492 2027 1550 (De
2047 1492 2287 1537 motibus
2306 1493 2488 1537 stellae

277 1565 475 1608 Martis
495 1577 647 1621 capp.
672 1564 964 1617 LIV—LV;
990 1564 1089 1619 Op.
1114 1565 1184 1608 111
1205 1576 1254 1619 p.
1277 1563 1366 1607 420
1385 1564 1498 1622 sq.).

1139 1695 1226 1739 V1.
1267 1695 1356 1738 DE
1383 1694 1623 1739 MARTE.

349 1779 449 1823 Hic
481 1779 901 1823 commentarius
930 1779 1000 1823 ad
1028 1779 1194 1823 finem
1224 1778 1424 1823 codicis
1452 1777 1880 1822 vindobonensis
1909 1779 1998 1822 lat.
2034 1778 2177 1822 10660
2206 1779 2485 1831 invenitur,

277 1851 366 1905 qui
386 1850 788 1895 observationes
809 1850 933 1894 anni
956 1850 1068 1894 1585
1088 1850 1251 1894 nitide
1272 1849 1566 1905 descriptas
1586 1849 1835 1902 continet,
1864 1852 1916 1894 et
1934 1850 2090 1894 simul
2112 1861 2236 1894 cum
2256 1849 2485 1905 reliquis,

277 1934 398 1977 quae
424 1923 477 1965 in
503 1922 607 1966 hoc
635 1923 823 1966 codice
846 1922 1199 1975 inveniuntur,
1226 1921 1604 1976 transscriptus
1630 1924 1710 1965 est
1734 1920 1787 1964 in
1813 1921 2059 1965 codicem
2081 1922 2124 1964 L
2147 1921 2343 1979 (Haun.
2365 1922 2484 1966 Ant.

277 1994 403 2037 Coll.
422 1994 537 2049 Reg.
565 1993 678 2037 1829
697 1994 749 2037 in
767 1993 856 2051 4⁰).
881 1993 1038 2037 Hunc
1059 2005 1184 2037 cum
1205 1993 1389 2049 primis
1408 1992 1586 2036 verbis
1611 1992 1946 2047 »experiundi
1965 2003 2156 2036 causa«
2181 1992 2486 2036 confectum

277 2077 392 2108 esse
411 2065 595 2120 Tycho
617 2066 982 2121 proloquatur,
1004 2077 1178 2120 neque
1198 2064 1660 2109 observationibus
1680 2064 1774 2107 niti
1793 2063 2206 2108 existimandum
2226 2063 2307 2114 sit,
2337 2064 2489 2107 aliter

276 2148 374 2181 nos
389 2137 592 2192 egimus
607 2140 767 2191 atque
780 2137 833 2180 in
848 2136 1037 2180 ceteris
1051 2148 1223 2191 neque
1238 2135 1701 2181 observationibus
1716 2135 2022 2191 adjecimus.
2039 2135 2206 2190 Ipsius
2219 2134 2487 2190 Tychonis

276 2221 441 2251 manu
461 2219 636 2263 pauca
655 2211 864 2252 tantum
884 2208 1082 2264 scripta
1102 2211 1245 2252 sunt:

348 2292 396 2334 p.
418 2279 564 2337 281‚2]
597 2280 765 2323 verba
788 2280 1133 2324 »Assumendo
1154 2282 1363 2323 motum
1382 2279 1562 2323 Terrae
1581 2279 1730 2322 iuxta
1751 2278 2154 2333 Copernicum«;

347 2363 396 2406 p.
418 2351 523 2408 284]
596 2355 710 2395 tota
736 2351 927 2407 pagina
954 2355 1152 2407 praeter
1176 2362 1364 2394 versus
1393 2350 1565 2393 12-17
1597 2350 1852 2393 »Inuerfio
1875 2382 1885 2393 .
1905 2382 1914 2392 .
1935 2383 1945 2393 .
1968 2349 2405 2394 discohaerentia«
2435 2353 2487 2394 et

277 2422 690 2477 descriptionem
710 2422 1154 2474 astronomicam;

347 2506 396 2548 p.
419 2493 648 2551 288,³³-³⁶]
675 2494 803 2538 »Sed
819 2528 830 2539 .
850 2527 860 2538 .
881 2494 1220 2538 .restituere«.

323 2624 435 2668 VII.
474 2624 744 2669 TABULA
766 2623 1270 2669 OPPOSITIONUM
1299 2623 1543 2667 MARTIS
1570 2622 1719 2667 CUM
1747 2622 1953 2666 LINEA
1981 2623 2176 2666 MEDII
2204 2623 2437 2668 MOTUS

951 2695 1142 2740 SOLIS
1168 2695 1252 2739 AB
1283 2694 1397 2739 1580
1424 2694 1651 2747 USQUE
1681 2694 1809 2738 1600.

349 2778 483 2822 Haec
497 2780 680 2823 tabula
693 2782 910 2835 sumpta
924 2782 1004 2823 est
1017 2790 1046 2822 e
1062 2778 1273 2834 Kepleri
1285 2777 1641 2822 AstronomIa
1654 2787 1800 2821 nova
1815 2777 1885 2820 de
1898 2777 2137 2821 motibus
2151 2778 2331 2822 stellae
2344 2777 2487 2821 Mar-

279 2850 348 2892 tis
369 2861 486 2904 cap.
502 2850 621 2893 VIII
641 2849 762 2907 (Op.
787 2851 857 2894 111
878 2863 926 2906 p.
949 2850 1071 2908 211).
1101 2850 1359 2905 Keplerus
1385 2852 1738 2904 posteaquam
1758 2849 1811 2891 in
1832 2849 2006 2903 capite
2025 2849 2252 2904 septimo
2272 2849 2485 2893 ineunte

278 2932 419 2965 anno
442 2921 571 2974 1600,
599 2932 725 2965 curn
751 2923 912 2976 paulo
934 2924 1057 2965 ante
1078 2921 1226 2964 Mars
1245 2921 1352 2964 Soli
1373 2920 1647 2976 oppositus
1668 2920 1867 2972 fuisset,
1893 2920 1947 2963 in
1972 2931 2156 2964 arcem
2176 2920 2485 2964 Benaticam

276 3004 393 3035 sese
413 2993 620 3036 venisse
647 2993 790 3046 dixit,
821 2994 897 3037 sic
926 2992 1284 3047 prosequitur:
1319 2993 1478 3036 »Cum
1509 2995 1689 3036 autem
1718 2991 1892 3047 primo
1919 2991 2134 3035 octiduo
2165 2991 2482 3044 didicissem,

276 3063 451 3117 ipsum
486 3063 738 3107 adhibere
770 3075 897 3107 curn
927 3064 1216 3107 Ptolemaeo
1246 3066 1298 3106 et
1328 3063 1621 3118 Copernico
1653 3063 1891 3107 medium
1924 3066 2132 3107 motum
2161 3062 2311 3115 SoliS,
2345 3065 2485 3106 esset

276 3145 407 3178 vero
434 3146 698 3189 apparens
723 3138 902 3178 motus
928 3145 1050 3179 meo
1078 3134 1252 3178 libello
1283 3133 1368 3191 [de
1395 3134 1652 3189 Mysterio
1679 3134 2148 3191 cosmographico]
2180 3144 2484 3178 accommo-

277 3205 452 3249 datior
478 3205 642 3263 (quod
670 3217 739 3249 ex
764 3206 880 3261 ipso
909 3205 1044 3249 libro
1075 3205 1253 3262 patet),
1285 3205 1353 3249 ab
1381 3206 1607 3250 authore
1632 3205 1929 3261 impetravi,
1956 3208 2015 3249 ut
2040 3205 2171 3248 mihi
2195 3205 2376 3249 liceret
2396 3205 2484 3248 ob·

276 3276 665 3321 servationibus
694 3288 817 3321 meo
848 3277 1013 3321 modo
1041 3276 1131 3320 uti.
1162 3276 1287 3319 Erat
1313 3279 1430 3320 tum
1458 3277 1571 3333 ejus
1600 3276 1896 3321 domestico
1924 3276 2222 3320 Christiano
2248 3274 2484 3319 Severini

276 3348 373 3391 sub
396 3347 642 3392 manibus
660 3347 869 3391 theoria
890 3347 1075 3390 Martis
1092 3381 1101 3391 .
1121 3381 1131 3391 .
1151 3380 1161 3390 .
1179 3348 1547 3392 Recudebatur
1564 3349 1748 3392 tabula
1768 3347 2068 3392 mediarum
2087 3346 2481 3402 oppositionum
