2638 3952
42 429 145 473 ΡΖ*

81 1077 122 1111 10

81 1434 121 1468 15

75 2146 121 2180 25

77 2858 123 2892 35

78 3212 123 3247 40

376 277 987 330 ASTRONOMIAE
1014 277 1582 331 INSTAURATAE
1610 280 2159 334 MECHANICA
2282 281 2373 333 109

170 421 425 472 nissimus
446 419 499 472 8(
518 420 940 472 Potentissimus
962 419 1084 472 Rex
1105 421 1322 473 Daniae
1343 416 1363 489 ΙΙ
1385 420 1437 473 8(
1458 421 1788 487 Norwegiae
1810 421 2137 474 Fridericus
2157 422 2372 475 Secun-

171 490 298 551 dus,
313 490 589 543 laudatiss.
605 494 928 552 memoriae,
943 506 1134 543 unum
1146 507 1218 543 ex
1230 492 1545 544 Nobilibus
1556 492 1671 544 suis
1682 495 1879 557 pueris
1892 493 2375 558 Knudtstorpium

171 562 246 614 ad
262 577 359 614 me
377 577 513 614 cum
526 562 706 614 literis
722 563 911 628 Regiis
931 565 1197 623 mitteret,
1220 579 1372 628 quae,
1395 569 1458 615 ut
1477 563 1532 615 se
1554 563 1852 616 confestim
1872 564 2227 624 accederem,
2250 564 2373 616 ubi-

171 648 405 697 cunque
436 636 498 685 in
527 633 814 685 Zelandia
843 636 1209 698 reperiretur,
1238 635 1539 700 jubebant.
1574 634 1884 699 Postquam
1913 637 2085 700 igitur
2114 634 2374 688 actutum

171 705 628 770 comparuissem‚
651 707 906 769 optimus
927 704 1042 765 ille,
1064 705 1116 757 &
1136 721 1448 770 nunquam
1462 705 1594 758 satis
1608 706 1883 758 laudatus
1899 706 2036 763 Rex,
2058 705 2257 771 sponte
2272 706 2376 758 sua

172 776 223 828 8(
244 775 515 828 clementi
530 775 834 828 voluntate
854 775 1003 828 mihi
1020 776 1279 829 Insulam
1301 777 1465 828 illam
1486 777 1848 829 celeberrimi
1863 777 2126 829 Porthmi
2141 777 2372 837 Danici‚

171 847 500 900 Huennam
527 846 873 900 nostratibus
899 846 1113 900 dictam
1139 848 1345 912 (quam
1366 848 1632 900 Latinius
1652 848 1971 900 Venusiam
1990 848 2289 913 appellare
2309 848 2373 900 li-

171 925 274 978 cet,
297 921 478 971 exteri
493 918 882 971 Scarlatinam
895 919 1265 985 nuncupant)
1287 919 1510 979 obtulit,
1532 926 1714 984 utque
1734 922 1797 971 in
1818 921 1889 971 ea
1909 919 2176 980 aedificia,
2198 926 2374 984 atque

171 990 558 1042 Instrumenta
575 1005 683 1054 pro
705 992 993 1042 exercitiis
1013 990 1451 1050 AstronomiciS,
1471 998 1599 1043 tum
1619 1006 1859 1055 quoque
1880 991 2180 1043 laboribus
2200 991 2373 1056 Pyro-

171 1063 420 1113 nomicis
445 1060 573 1113 fieri
600 1077 885 1122 curarem,
915 1061 1157 1127 rogavit,
1192 1062 1367 1126 seque
1393 1062 1716 1127 sumptibus
1744 1062 2061 1114 liberaliter
2087 1065 2157 1114 iis
2182 1065 2373 1126 provi-

169 1132 386 1193 surum,
413 1132 730 1184 clementer
750 1133 987 1185 addixit.
1016 1133 1098 1185 Re
1118 1137 1317 1198 itaque
1339 1133 1756 1198 aliquantisper
1776 1133 2111 1194 deliberata,
2140 1133 2192 1185 8(
2218 1149 2374 1185 com-

169 1205 471 1256 municato
504 1220 638 1256 cum
671 1203 1060 1256 Prudentibus
1094 1204 1348 1265 confilio,
1386 1205 1581 1270 Regiae
1614 1205 1905 1257 voluntati
1936 1206 2164 1257 mutata
2195 1207 2375 1269 priori

170 1275 453 1328 sententia
480 1291 604 1327 non
630 1277 810 1327 invite
837 1278 1123 1340 acquievi,
1151 1276 1470 1341 praesertim
1497 1291 1633 1328 cum
1652 1276 1932 1337 viderem,
1959 1291 2054 1328 me
2080 1278 2143 1328 in
2162 1276 2264 1328 ista
2283 1276 2373 1328 In-

170 1346 312 1407 sula,
341 1362 476 1411 quae
499 1346 731 1398 seorsim
751 1349 902 1399 inter
922 1347 1199 1400 Scaniam
1220 1347 1272 1399 8(
1293 1347 1645 1400 Zelandiam
1664 1347 1846 1412 pofita
1867 1347 1958 1407 est,
1980 1363 2017 1399 a
2035 1347 2269 1412 strepitu
2289 1350 2374 1399 in-

170 1417 606 1483 terpellantium
625 1418 878 1479 liberari,
899 1425 1076 1483 atque
1092 1422 1279 1472 otium
1294 1419 1347 1471 8(
1361 1421 1836 1484 oportunitatem,
1859 1434 2040 1483 quam
2058 1418 2198 1471 alibi
2216 1435 2374 1484 quae-

171 1489 390 1550 rebam,
418 1492 597 1542 etiam
622 1492 686 1541 in
711 1490 920 1549 Patria
949 1492 1044 1542 cui
1069 1506 1194 1555 prae
1221 1493 1447 1543 caeteris
1474 1490 1829 1556 Regionibus
1855 1490 2179 1555 plurimum
2206 1490 2374 1543 debe-

170 1576 321 1622 muS‚
348 1559 497 1613 mihi
522 1560 595 1612 fic
622 1561 865 1613 concedi
891 1563 1056 1626 posse.
1085 1562 1236 1614 Mox
1262 1564 1436 1628 igitur
1456 1562 1903 1627 Uraniburgum
1922 1562 2154 1621 Arcem,
2183 1561 2373 1614 Astro-

170 1634 419 1684 nomicis
430 1632 604 1684 rebus
617 1632 895 1685 idoneam
908 1640 1176 1686 extruere
1188 1636 1358 1698 coepi,
1371 1649 1533 1686 anno
1545 1636 1829 1685 nimirum
1841 1633 1983 1685 1576.
1999 1632 2050 1684 8(
2060 1633 2374 1693 successive,

169 1710 292 1755 tam
324 1703 576 1755 aedificia
607 1719 789 1768 quam
822 1704 1209 1757 Instrumenta
1239 1708 1406 1757 varia
1433 1705 1842 1756 Astronomica
1875 1703 2375 1756 observationibus

171 1782 441 1827 accurate
461 1774 824 1827 instituendis
843 1776 1060 1828 idonea
1080 1775 1317 1836 absolvi,
1339 1791 1596 1840 quorum
1615 1778 1918 1840 praecipua
1936 1791 2072 1840 pars
2092 1775 2206 1827 hoc
2226 1775 2375 1828 libro

170 1846 464 1911 designata
491 1845 543 1897 8(
570 1846 860 1911 explicata
887 1846 977 1898 est.
1006 1847 1236 1899 Interea
1260 1851 1439 1899 etiam
1459 1847 1960 1899 observationibus
1980 1847 2207 1898 strenue
2228 1850 2374 1898 invi-

169 1917 442 1982 gilabam‚
469 1920 667 1970 accitis
686 1921 750 1970 in
770 1917 986 1970 harum
1005 1919 1390 1971 ministerium
1409 1918 1675 1983 pluribus
1694 1918 1968 1978 studiofiS,
1993 1921 2268 1970 acumine
2289 1920 2374 1970 in-

169 1991 322 2054 genij
342 1988 394 2040 &
406 1989 562 2041 visus
581 1989 954 2053 pollentibus,
976 2005 1126 2054 quos
1147 1990 1296 2042 alios
1315 1990 1437 2055 post
1457 1990 1607 2042 alios
1627 1989 1746 2041 illic
1761 1992 2039 2041 continue
2052 1989 2375 2050 sustentavi‚

169 2076 239 2112 ac
258 2059 412 2112 hisce
434 2060 770 2125 Disciplinis
791 2060 843 2112 8(
862 2061 1129 2125 pluribus
1149 2061 1281 2113 aliis
1301 2060 1723 2125 Philosophicis
1743 2060 1998 2112 instruxi.
2028 2060 2239 2125 Sicque
2260 2060 2376 2112 Dei

169 2132 526 2197 benignitate
543 2130 762 2185 factum
779 2132 870 2193 est,
892 2139 955 2184 ut
968 2132 1136 2184 nulla
1148 2132 1332 2184 ferme
1346 2132 1650 2185 serenitate
1664 2133 2051 2197 praetermissa‚
2073 2131 2375 2197 plurimas,

170 2218 390 2268 easque
406 2201 781 2256 exaCtissimas
797 2203 1230 2256 observationes
1245 2204 1501 2256 coelestes
1515 2203 1952 2256 Astronomicas
1967 2203 2162 2268 adepti
2176 2203 2375 2263 fimus;

169 2274 347 2339 idque
360 2281 484 2327 tam
498 2277 562 2326 in
574 2273 707 2326 fixis
721 2274 910 2335 stellis,
926 2290 1108 2340 quam
1123 2275 1399 2327 omnibus
1415 2275 1704 2335 Erraticis,
1720 2281 1846 2327 tum
1861 2290 2099 2339 quoque
2113 2274 2376 2327 Cometis

169 2348 394 2398 interea
408 2346 880 2406 elucescentibuS,
903 2362 1053 2411 quos
1067 2346 1333 2411 septenos
1347 2346 1507 2398 isthic
1524 2346 1775 2399 Coelitus
1789 2352 2059 2398 accurate
2075 2345 2375 2398 denotavi-

169 2433 320 2470 mus,
341 2415 598 2469 Peractae
619 2424 819 2469 autem
839 2417 969 2469 sunt
988 2417 1101 2469 hac
1121 2421 1350 2470 ratione
1371 2418 1450 2470 ibi
1470 2418 1543 2469 21.
1567 2433 1865 2470 annorum
1879 2417 2095 2469 sedulae
2111 2417 2374 2469 observa-

170 2492 376 2549 tioneS‚
393 2505 541 2553 quas
555 2492 814 2554 primum
827 2492 891 2540 in
900 2491 1131 2554 magnis
1142 2488 1546 2541 voluminibus
1558 2489 1924 2553 conscriptaS‚
1940 2488 2136 2553 postea
2146 2488 2376 2540 seorsim

170 2563 232 2612 in
252 2559 505 2625 fingulos
524 2560 720 2620 libros,
741 2575 849 2624 pro
870 2560 1132 2625 quolibet
1151 2563 1435 2613 nimirum
1455 2576 1616 2613 anno
1638 2560 1895 2613 distribui
1916 2560 1967 2611 8(
1987 2560 2063 2612 ad
2082 2560 2376 2611 mundum

172 2631 411 2683 describi
441 2634 665 2683 curavi:
695 2633 874 2696 idque
902 2632 1006 2683 tali
1033 2632 1405 2684 ordinatione
1431 2635 1643 2697 peregi,
1674 2638 1738 2684 ut
1762 2631 1938 2683 stellae
1964 2631 2100 2683 fixae
2127 2631 2374 2691 seorsim,

173 2709 462 2767 quotquot
490 2702 593 2754 illo
623 2718 785 2754 anno
815 2703 1109 2755 denotatae
1138 2703 1319 2764 fuere,
1352 2703 1523 2755 suum
1552 2703 1838 2755 haberent
1866 2703 2081 2755 locum.
2115 2702 2375 2754 Planetae

172 2789 314 2826 vero
347 2789 555 2826 omnes
586 2776 892 2838 proprium
924 2774 1295 2838 peculiariter
1327 2774 1379 2826 8(
1412 2773 1682 2834 (Ιίίὶίιιᾶε,
1716 2774 2052 2839 incipiendo
2085 2789 2122 2825 a
2154 2773 2290 2826 Sole
2324 2774 2376 2825 8(

172 2845 359 2905 Luna,
393 2860 462 2897 ac
493 2861 598 2910 per
629 2845 888 2909 reliquos
921 2848 1185 2910 quinque
1218 2845 1490 2898 Planetas
1521 2845 1877 2898 transeundo
1909 2845 2092 2909 usque
2124 2847 2187 2896 in
2216 2845 2374 2896 Mer-

172 2918 417 2968 curium.
440 2917 601 2968 Nam
615 2932 690 2967 ne
704 2915 865 2968 hunc
880 2917 1119 2981 quidem
1132 2917 1568 2970 inobservatum
1580 2917 1943 2981 reliquimus,
1958 2922 2088 2968 utut
2101 2917 2374 2968 rarissime

171 2994 382 3051 pateat.
405 2987 693 3051 Quinimo
713 2987 948 3052 singulis
968 3003 1119 3052 pene
1140 2991 1313 3040 annis
1330 2991 1379 3040 is
1394 3004 1431 3040 a
1445 2988 1632 3049 nobiS‚
1653 2995 1775 3040 tam
1788 2990 2080 3040 matutino
2094 2994 2374 3052 tempore,

172 3074 354 3123 quam
382 3058 709 3123 vespertino
739 3059 1043 3123 diligenter
1073 3059 1384 3111 denotatus
1414 3059 1510 3111 est:
1545 3062 1818 3124 quamvis
1849 3074 2100 3124 magnus
2130 3058 2229 3109 ille
2260 3058 2373 3111 Co-

171 3132 444 3194 pernicus
473 3129 546 3190 se,
577 3130 737 3194 quod
765 3129 925 3182 hunc
955 3145 1078 3181 non
1104 3130 1435 3192 observarit,
1463 3130 1539 3182 ob
1566 3129 1829 3195 Sphaerae
1856 3132 2105 3182 nimiam
2130 3129 2373 3181 inclina-

171 3203 411 3258 tionem,
428 3200 480 3252 8(
493 3201 730 3253 Vistulae
750 3200 917 3252 fluvii
930 3217 1181 3266 vapores
1202 3201 1453 3254 excuset:
1476 3201 1634 3254 Cum
1653 3208 1854 3254 tamen
1874 3216 1985 3253 nos
1999 3203 2062 3252 in
2075 3200 2257 3265 paulo
2274 3200 2373 3252 ad-

171 3271 288 3323 huc
315 3272 683 3324 inclinatiore
705 3271 967 3336 Sphaera,
997 3275 1178 3337 inque
1199 3273 1394 3325 Insula
1420 3273 1683 3338 undique
1709 3275 1861 3325 mari
1880 3275 2067 3337 magis
2086 3271 2374 3336 vaporoso

172 3341 374 3403 cincta
388 3359 526 3395 eum
540 3343 838 3395 multoties
850 3343 958 3407 (uti
972 3341 1214 3407 dic'tum)
1224 3344 1714 3408 conspexerimuS‚
1725 3350 1901 3408 atque
1913 3342 2169 3395 demensi
2180 3342 2373 3466 firrgusi.

2301 3428 2332 3464 e
