2638 3952
83 1199 125 1234 10

79 1584 121 1619 15

72 1971 120 2006 20

69 2355 116 2391 25

65 2658 113 2776 ‘⁸:⁴34

62 3126 109 3161 35

388 275 1595 333 ASTRONOMIAE‘INSTAURATAE
1620 280 2171 335 MECHANICA
2315 283 2384 335 85

703 423 1256 486 EXPLICATIO
1287 424 1712 486 FABRICAE
1740 425 1853 486 ET

1161 525 1400 586 VSVS.

517 688 522 689 ⁷
557 709 562 712 ι
654 650 1170 694 NSTRUMENTUM
1191 650 1296 694 hoc
1313 650 1499 706 ipsum,
1523 650 1558 694 fi
1577 650 1873 706 praesertim
1887 652 2181 697 sextantem
2202 653 2384 697 circuli

424 721 426 761 ἶ
455 716 514 802 (Γ
554 709 586 762 s
652 727 830 782 capiat
864 728 975 784 ejus
1011 727 1457 780 circumferentia,
1487 728 1861 772 Altitudinibus
1896 740 2108 784 quoque
2138 730 2383 775 Siderum

424 856 425 863 ἵ
514 856 524 865 Κ
651 805 906 848 rimandis
921 816 1030 849 non
1043 805 1115 849 est
1133 805 1532 850 inconveniens:
1557 807 1721 851 modo
1743 806 2063 861 disponatur,
2084 811 2243 862 prout
2261 808 2381 852 haec

358 917 364 951 3
441 920 465 934 Δ,
510 892 528 940 ζ,
572 902 575 903 ’
652 882 889 937 appofita
908 882 1155 938 figuratio
1176 882 1416 927 ostendit:
1446 885 1551 938 qua
1577 884 1741 927 etiam
1763 884 1969 928 ratione
1989 896 2086 940 ego
2106 888 2233 930 tunc
2252 888 2383 929 tem-

422 934 464 981 ⁵
538 1009 553 1020 Ι
574 947 576 951 ’
650 960 809 1014 poris,
832 971 958 1003 cum
978 971 1121 1004 nova
1140 960 1229 1004 illa
1249 960 1392 1004 stella
1413 972 1554 1004 anno
1575 961 1647 1004 72.
1665 961 1706 1003 81
1720 961 1954 1016 sequenti
1973 962 2380 1017 conspiceretur,

571 1049 591 1061 ⁹
616 1043 619 1063 ‘
652 1037 765 1093 ejus
787 1037 1130 1080 Altitudinem
1157 1037 1453 1090 minimam,
1482 1049 1608 1081 cum
1633 1038 1686 1082 in
1714 1039 2010 1083 Meridiano
2035 1039 2173 1084 infra
2198 1041 2381 1084 Polum

174 1115 311 1168 esset,
345 1116 604 1160 scrutatus
637 1115 775 1159 sum:
817 1114 1115 1158 Maximam
1147 1114 1289 1160 enim
1322 1115 1537 1169 quando
1568 1116 1755 1160 vertici
1786 1117 2264 1172 appropinquabat,
2299 1119 2384 1162 de-

174 1193 348 1236 metiri
373 1193 566 1237 eodem
591 1204 699 1236 non
725 1193 884 1243 licuit,
912 1192 1166 1247 siquidem
1191 1192 1244 1236 in
1269 1192 1445 1236 nostro
1468 1192 1759 1237 Horizonte
1787 1194 2105 1238 admiranda
2131 1206 2196 1239 ea
2222 1195 2380 1248 stella,

172 1281 298 1313 cum
320 1270 475 1325 supra
494 1271 678 1314 Polum
697 1271 751 1314 in
772 1270 1067 1314 Meridiano
1088 1269 1225 1322 esset,
1253 1281 1361 1314 non
1386 1271 1540 1325 longe
1560 1271 1744 1314 Zenith
1764 1271 1957 1316 distitit:
1986 1272 2218 1327 Ideoque
2243 1273 2382 1317 intra

173 1347 374 1390 sextam
394 1347 585 1391 Circuli
603 1350 813 1402 partem
833 1348 946 1404 ejus
964 1347 1198 1391 Altitudo
1219 1348 1605 1402 comprehendi
1622 1349 1895 1403 nequibat:
1922 1350 2381 1404 quemadmodum

172 1423 468 1480 supradicto
497 1425 631 1469 libro
662 1426 703 1468 ἃ
732 1425 925 1468 eodem
953 1425 1186 1469 indicato
1217 1425 1390 1480 capite
1418 1425 1538 1470 haec
1568 1426 1610 1469 81
1639 1427 1823 1470 similia
1853 1427 2033 1471 videre
2062 1427 2197 1471 licet.
2232 1428 2379 1472 Ratio

171 1505 367 1554 autem,
391 1504 495 1556 qua
517 1502 943 1546 observationem
962 1502 1312 1555 instituebam,
1333 1502 1532 1547 ibidem
1551 1515 1763 1559 quoque
1777 1503 2045 1559 patefacta
2059 1505 2379 1561 ejuscemodi

170 1582 305 1622 erat:
340 1579 563 1623 Sextans
591 1579 695 1631 hic,
730 1580 910 1634 quoad
939 1580 1189 1635 Regulam
1217 1580 1310 1623 AB
1336 1579 1643 1624 inferiorem
1671 1581 1724 1624 in
1754 1583 1860 1625 alta
1884 1569 2127 1636 'quadam
2154 1582 2378 1627 fenestra

171 1656 545 1711 disponebatur
573 1657 728 1712 supra
757 1669 974 1700 murum
1005 1658 1057 1709 R,
1087 1657 1161 1701 ita
1189 1660 1247 1700 ut
1274 1657 1492 1712 praecise
1522 1658 1818 1702 Meridiano
1845 1659 2047 1703 Coelesti
2076 1660 2379 1715 correspon-

169 1733 332 1786 deret,
367 1734 456 1788 qui
485 1734 839 1778 observationi
867 1735 1226 1789 adaptaretur.
1261 1736 1489 1790 Eratque
1520 1735 1751 1780 fulcrum
1785 1737 2059 1791 quoddam
2090 1737 2249 1781 literis
2278 1737 2378 1780 VX

167 1811 461 1854 indicatum
481 1811 604 1854 huic
626 1811 967 1866 suppositum:
989 1812 1148 1866 idque
1169 1824 1201 1855 a
1220 1815 1372 1867 parte
1391 1813 1664 1868 posteriori
1682 1814 1863 1857 versus
1885 1814 2136 1858 Centrum
2149 1815 2301 1870 juxta
2319 1815 2374 1868 T,

168 1888 280 1944 ejus
308 1889 637 1933 sublimitatis
667 1892 727 1932 ut
756 1889 865 1944 ipsa
892 1890 1083 1945 Regula
1108 1889 1200 1932 AB
1225 1888 1410 1933 exacte
1440 1902 1567 1934 cum
1597 1891 1902 1936 Horizontis
1931 1892 2225 1947 aequilibrio
2255 1904 2376 1937 con-

168 1965 391 2009 veniret:
421 1966 583 2020 quue
609 1966 714 2010 hoc
743 1967 907 2010 modo
934 1967 1306 2022 explorabam:
1334 1967 1536 2011 Arcum
1556 1968 1888 2012 Instrumenti
1914 1969 2007 2012 RN
2033 1981 2159 2013 cum
2179 1970 2280 2014 suis
2299 1982 2376 2015 re-

167 2042 297 2098 gulis
318 2043 387 2086 ad
407 2043 686 2087 meridiani
704 2045 925 2099 planum
945 2043 1252 2099 dirigebam,
1275 2045 1317 2088 81
1336 2044 1389 2089 in
1408 2044 1514 2089 fine
1529 2045 1621 2089 ubi
1634 2045 1707 2089 60.
1724 2046 1934 2090 Gradus
1954 2047 2206 2100 desinunt,
2222 2049 2374 2104 juxta

168 2119 215 2162 N
241 2121 615 2175 appendebam
640 2121 1078 2176 perpendiculum
1103 2133 1200 2176 per
1226 2122 1314 2165 NS
1341 2122 1614 2178 lignatum,
1645 2134 1710 2167 ac
1739 2125 1979 2179 regulam
2006 2124 2374 2169 fundamenta-

164 2197 272 2240 lem
291 2197 384 2240 AB
408 2209 504 2253 per
529 2210 728 2243 cuneos
755 2199 1014 2254 quosdam
1039 2199 1177 2242 intra
1195 2199 1235 2242 T
1254 2200 1296 2242 ἃ
1315 2199 1415 2243 VX
1440 2200 1651 2255 positos,
1679 2204 1838 2256 prout
1863 2213 1997 2257 opus
2017 2205 2147 2254 erat,
2175 2203 2375 2246 attolle-

165 2274 293 2317 bam
325 2275 410 2318 vel
442 2275 835 2330 deprimebam3
876 2287 1089 2331 unaque
1121 2277 1190 2320 [ic
1221 2277 1525 2320 universum
1557 2278 1983 2331 Instrumentum‚
2017 2279 2188 2324 donec
2220 2280 2372 2323 filum

165 2350 562 2396 Orichalcicum
590 2352 733 2396 NOS
760 2354 846 2397 cui
870 2353 1152 2408 plumbum
1172 2354 1324 2409 juxta
1347 2354 1381 2397 S
1405 2353 1713 2408 annectitur,
1741 2356 1960 2411 praecise
1984 2355 2239 2412 punctum
2266 2369 2372 2401 me-

165 2428 312 2472 dium
337 2429 473 2473 inter
497 2430 760 2474 Sextantis
787 2431 1040 2475 Centrum
1066 2431 1135 2474 ad
1154 2431 1215 2483 A,
1244 2431 1286 2474 8ι
1311 2431 1702 2487 periphereiam
1727 2433 1990 2478 divisionis
2017 2435 2086 2478 ad
2107 2434 2151 2478 O
2173 2435 2371 2479 contin-

163 2508 322 2560 geret.
351 2506 541 2561 Liquet
565 2507 708 2551 enim
733 2507 869 2560 inde,
901 2508 1045 2563 quod
1065 2508 1263 2564 Organi
1287 2510 1468 2565 regula
1491 2510 1596 2553 five
1620 2510 1755 2554 basis
1775 2511 1866 2554 AB
1886 2510 2071 2555 exacte
2093 2511 2371 2556 Horizonti

163 2583 520 2637 aequidistarit:
551 2584 683 2628 Cum
709 2597 776 2629 ex
802 2586 1083 2629 Elementis
1103 2586 1443 2639 Geometriae,
1471 2587 1680 2632 sextans
1703 2589 1894 2632 Circuli
1917 2602 1949 2632 a
1972 2590 2162 2633 Centro
2190 2590 2370 2634 consti-

160 2662 277 2703 tuat
299 2660 639 2716 Triangulum
664 2662 902 2706 isosceles
926 2662 1103 2719 (prout
1126 2662 1180 2706 in
1204 2663 1339 2707 libro
1366 2668 1557 2718 quarto
1577 2666 1804 2710 Euclidis
1823 2667 2176 2722 Propofitione
2206 2668 2259 2711 15
2286 2669 2370 2711 de-

162 2736 512 2781 monstratum
532 2739 621 2795 est)
640 2750 736 2793 per
754 2738 1152 2794 punctationem
1167 2740 1328 2793 RNA,
1350 2742 1392 2784 81
1411 2743 1609 2786 lineam
1625 2744 1821 2799 regulae
1837 2744 1941 2787 RA.
1964 2744 2203 2799 Cumque
2223 2744 2368 2789 recta

160 2813 482 2858 descendens
503 2815 570 2859 ab
594 2815 656 2868 N,
679 2828 800 2870 quae
821 2817 1004 2860 Zenith
1024 2817 1245 2872 respicit,
1268 2818 1358 2861 RA
1379 2819 1539 2871 basin,
1566 2820 1813 2864 bifariam
1834 2821 1987 2873 secet,
2008 2822 2293 2866 necessario
2314 2823 2367 2866 id

160 2890 230 2935 ad
248 2890 482 2946 Angulos
509 2890 694 2938 Recstos
718 2893 849 2945 fieri,
878 2894 1228 2948 consequitur,
1255 2896 1331 2938 uti
1358 2901 1581 2952 apparet
1605 2909 1673 2941 ex
1697 2898 2051 2953 propositione
2082 2898 2150 2942 12.
2178 2899 2296 2943 libri
2325 2900 2363 2943 1.

159 2969 318 3021 atque
355 2969 599 3023 proxime
638 2970 1085 3015 antecedentibus.
1127 2971 1393 3024 Quocirca
1431 2985 1558 3018 cum
1594 2976 2033 3031 perpendiculum
2066 2976 2154 3019 NS
2186 2977 2365 3021 versus

158 3043 342 3089 Zenith
362 3045 569 3100 semper
588 3045 846 3091 directum
867 3047 940 3100 fit,
966 3048 1143 3103 illique
1165 3049 1265 3093 ΝΟ
1285 3050 1513 3104 uniatur,
1542 3053 1759 3096 omnino
1786 3053 1961 3097 eidem
1985 3054 2363 3108 perpendiculo

159 3120 351 3176 Regula
380 3122 471 3166 RA
497 3122 871 3179 Orthogonalis
900 3125 959 3168 sit
987 3129 1217 3180 oportet:
1247 3127 1474 3183 ideoque
1502 3130 1544 3173 ἃ
1572 3130 1626 3173 in
1656 3130 1960 3175 Horizontis
1989 3132 2299 3186 aequilibrio‚
2331 3145 2364 3176 a

159 3208 264 3251 quo
297 3201 483 3242 vertex
512 3200 745 3254 undique
775 3201 968 3246 Circuli
999 3203 1294 3257 quadrante
1326 3204 1491 3259 distat,
1532 3207 1622 3261 qui
1651 3206 1856 3252 rectum
1887 3208 2152 3264 Angulum
2183 3208 2360 3253 efficit.

158 3273 419 3318 Omnibus
450 3276 630 3331 itaque
662 3278 730 3321 fic
765 3281 962 3332 quanta
990 3279 1106 3323 fieri
1134 3281 1305 3335 potuit
1333 3283 1675 3327 accuratione
1703 3285 1990 3329 elaboratis
2019 3286 2061 3329 ἃ
2090 3285 2360 3338 ordinatis,

158 3349 328 3394 donec
360 3362 503 3396 nova
534 3352 678 3397 stella
707 3354 1062 3399 Meridianum
1090 3356 1143 3399 in
1172 3356 1263 3401 suo
1293 3357 1579 3403 decliviore
1607 3360 1703 3403 situ
1732 3364 1883 3405 motu
1911 3361 2134 3405 universi
2164 3362 2362 3406 contin-

2186 3451 2359 3507 geret,
