2638 3952
273 266 342 320 98
485 266 1098 323 ASTRONOMIAE
1124 269 1691 324 INSTAURATAE
1717 271 2268 326 MECHANICA

764 415 1201 476 ANNVLVS
1235 415 1993 478 ASTRONOMICVS.

377 509 667 554 NNVLVM
689 510 898 566 insuper
909 510 1354 565 Astronomicum‚
1377 511 1785 555 Instrumentum
1801 512 1869 556 ob
1888 512 2236 566 habilitatem,
2255 526 2288 557 a
2306 515 2484 559 multis

429 581 559 625 alias
578 585 694 625 tam
713 582 981 626 veteribus
1002 595 1167 637 quam
1189 583 1400 627 novitiis
1425 583 1751 638 usurpatum,
1780 583 1942 627 etiam
1967 584 2022 628 in
2046 587 2299 640 promptu
2324 585 2484 630 habe-

272 665 408 703 mus,
437 653 504 697 ab
533 655 724 698 eodem
746 654 989 698 Gemmae
1011 655 1216 709 Nepote
1237 658 1359 698 ante
1381 655 1580 710 aliquot
1601 666 1770 699 annos
1790 654 2116 708 confectum3
2146 656 2214 699 ad
2239 655 2484 701 imitatio-

272 738 396 769 nem
417 726 527 781 ejus
549 725 924 780 descriptionis,
947 738 1110 781 quam
1129 726 1272 770 idem
1294 726 1522 769 Gemma
1543 725 1806 771 succincto
1827 727 2001 771 libello
2023 727 2275 782 exposuit.
2297 727 2481 783 Estque

273 798 357 841 hio
372 798 611 840 Annulus
629 800 773 841 totus
794 797 1159 841 Orichalcicus
1179 798 1221 841 8ι
1241 797 1448 842 affabre
1469 799 1806 853 compositus.
1832 798 2113 853 Habetque
2132 798 2185 841 in
2206 798 2481 844 Diametro

273 869 416 923 quasi
447 868 685 912 cubitum
713 881 895 912 unum.
930 868 1067 913 Huic
1093 881 1193 913 nos
1221 869 1383 912 aliam
1411 869 1773 913 inventionem
1801 870 2017 913 interius
2045 869 2362 922 addidimus,
2394 871 2484 915 ob-

271 941 456 995 longos
476 939 721 983 videlicet
741 941 782 983 81
801 943 994 984 teretes
1016 940 1292 995 Cylindros
1318 941 1422 984 sese
1450 941 1755 984 decussatim
1777 942 1818 984 81
1839 940 2268 996 orthogonaliter
2289 942 2483 986 transe-

270 1014 439 1064 untes,
466 1011 833 1066 interiorisque
852 1011 1089 1055 Armillae
1117 1011 1448 1067 superficiem
1472 1011 1790 1068 stringentes,
1819 1013 1861 1056 8ι
1885 1012 2084 1056 ibidem
2105 1013 2368 1067 quadrato
2386 1012 2482 1056 ful-

272 1083 465 1127 cimine
486 1086 782 1138 coaptatos,
806 1085 921 1126 tum
943 1095 1155 1138 quoque
1174 1083 1502 1139 pinnacidijs,
1525 1084 1567 1127 81
1588 1083 1900 1138 quibusdam
1922 1083 2036 1139 alijs
2056 1084 2244 1141 medijs
2263 1084 2335 1127 illi
2353 1084 2427 1128 ita
2447 1097 2478 1128 a

271 1155 425 1199 nobis
453 1154 722 1210 provisum
754 1154 839 1207 est,
868 1157 927 1198 ut
954 1166 1062 1199 non
1092 1155 1261 1198 solum
1291 1167 1411 1210 quae
1440 1155 1669 1198 Gemma
1699 1155 1740 1198 81
1770 1154 1853 1210 alij
1883 1155 1949 1198 de
1974 1155 2080 1198 Vsu
2108 1155 2264 1211 hujus
2289 1155 2481 1199 Annuli

269 1226 615 1278 tradiderunt,
650 1227 804 1281 longe
836 1226 1174 1288 commodius
1206 1226 1431 1281 praestet,
1466 1226 1553 1269 sed
1582 1226 1623 1269 81
1651 1229 1915 1281 praeterea
1948 1227 2201 1280 quaedam
2234 1226 2339 1270 alia
2371 1227 2482 1283 sup-

270 1297 481 1352 peditet.
514 1297 706 1342 Poterit
737 1298 878 1342 enim
912 1299 979 1341 fic
1012 1309 1120 1342 non
1150 1298 1334 1341 saltem
1364 1297 1660 1342 Declinatio
1691 1297 1935 1341 Siderum
1965 1298 2137 1353 aptius
2167 1297 2288 1353 capi
2317 1310 2481 1353 quam

272 1373 444 1422 antea,
477 1370 564 1413 sed
591 1369 632 1412 81
657 1369 889 1424 ipsarum
919 1369 1232 1413 differentiae
1259 1369 1677 1413 adscenfionales
1704 1369 1946 1423 adeoque
1971 1369 2096 1424 ipsae
2118 1370 2480 1414 adscenfiones

270 1439 430 1485 recstae
451 1441 665 1484 Coelitus
686 1440 948 1484 denotari:
976 1443 1035 1484 ut
1059 1440 1186 1484 nihil
1214 1440 1393 1484 dicam
1415 1441 1481 1484 de
1499 1439 1908 1496 longitudinibus
1929 1441 1970 1483 δι
1990 1440 2351 1485 latitudinibus
2372 1441 2480 1485 stel-

269 1513 459 1565 larum,
500 1525 621 1567 quae
654 1511 816 1555 etiam
848 1512 1103 1567 peculiari
1135 1512 1370 1566 quadam
1402 1511 1607 1556 ratione
1640 1510 1877 1555 adhibita
1909 1511 2134 1556 obtineri
2170 1512 2398 1567 possunt:
2438 1513 2480 1556 ἃ

269 1585 422 1639 plura
452 1584 516 1627 de
550 1583 754 1638 quibus,
787 1583 878 1627 ubi
908 1583 1317 1627 Instrumentum
1350 1583 1695 1627 efformatum
1725 1583 1767 1625 81
1795 1582 2028 1626 excisum
2061 1582 2233 1637 fuerit,
2265 1583 2480 1628 uberius

269 1656 481 1699 volente
503 1655 729 1699 Numine
752 1666 986 1711 agemus.

340 1727 540 1771 Verum
568 1727 627 1770 fit
651 1726 755 1770 hoc
783 1726 1032 1781 quicquid
1056 1726 1196 1779 velit,
1223 1726 1418 1770 talibus
1443 1726 1622 1782 parvis
1644 1726 1684 1768 81
1704 1725 1918 1770 ludicris
1939 1725 2298 1771 Instrumentis
2318 1722 2480 1771 Coele'·

270 1798 368 1842 stes
389 1797 727 1854 apparentias
748 1798 868 1841 satis
888 1798 1113 1853 praecise
1135 1797 1354 1842 scrutari
1373 1810 1482 1842 non
1501 1798 1679 1850 datur;
1708 1809 1773 1841 eo
1795 1798 1939 1852 quod
1959 1797 2049 1841 sua
2068 1798 2331 1853 parvitate
2352 1798 2479 1842 Gra-

270 1871 368 1914 dus
399 1869 631 1926 minutijs
663 1870 967 1924 scrupulose
1001 1869 1389 1913 subdividendis
1422 1881 1651 1924 capaces
1683 1881 1792 1913 non
1825 1869 2121 1913 admittant.
2156 1870 2217 1913 Et
2245 1870 2281 1912 fi
2311 1872 2478 1913 tantae

269 1942 400 1985 fiant
429 1941 817 1997 magnitudinis,
848 1944 906 1984 ut
935 1941 1038 1985 hoc
1070 1940 1417 1996 suppeditent3
1450 1941 1540 1984 sua
1566 1940 1859 1996 quantitate
1888 1941 1930 1984 ἃ
1958 1942 2100 1985 mole
2128 1939 2477 1985 intractabilia

268 2014 580 2066 redduntur;
611 2014 765 2068 seque
790 2013 901 2068 ipsa
925 2013 1134 2068 insuper
1158 2012 1232 2056 ita
1260 2015 1564 2068 aggravant,
1592 2015 1650 2055 ut
1669 2011 1792 2054 Vsui
1819 2012 1952 2055 citra
1979 2011 2211 2067 aliquem
2238 2023 2477 2056 errorem

268 2096 377 2128 non
402 2085 497 2128 sint
524 2085 898 2129 accommoda.
927 2084 1007 2128 Est
1027 2084 1188 2127 etiam
1215 2084 1368 2128 nobis
1395 2084 1527 2127 alius
1552 2083 1770 2139 quidam
1790 2084 2028 2127 Annulus
2048 2083 2224 2128 minor
2243 2082 2479 2127 Orichal-

269 2157 415 2200 cicus
434 2156 488 2200 in
508 2156 784 2200 Diametro
803 2155 1018 2211 'spitami
1044 2154 1411 2200 contractioris
1437 2155 1816 2210 longitudinem
1844 2155 2026 2198 saltem
2053 2155 2343 2199 continens.
2372 2154 2476 2198 Sed

268 2228 354 2272 hic
375 2227 505 2271 mihi
526 2228 700 2271 adhuc
722 2227 896 2271 minus
916 2227 1187 2282 probatur.
1210 2224 1230 2286 ΙΙ

2530 735 2552 770 5

2533 1090 2576 1126 10

2531 1446 2574 1483 15

2524 2160 2571 2195 25

338 2299 505 2342 VSVS
532 2298 834 2354 praecipuus
858 2298 1046 2342 talium
1065 2299 1398 2342 Annulorum
1425 2298 1511 2351 est,
1538 2301 1596 2341 ut
1621 2298 1771 2342 horae
1798 2296 2074 2342 nocturnae
2094 2298 2135 2341 δι
2155 2298 2361 2342 diurnae
2380 2310 2476 2353 per
2497 2296 2601 2340 E4r

269 2382 362 2414 eos
389 2371 764 2423 discernantur,
792 2370 913 2414 licet
938 2370 991 2413 id
1016 2382 1124 2414 non
1150 2372 1214 2413 ea
1240 2370 1491 2413 facilitate
1518 2370 1559 2412 δι
1585 2369 1894 2424 praecifione
1914 2368 2174 2424 praestent,
2203 2371 2308 2424 qua
2333 2369 2477 2425 polli-

269 2444 468 2485 centur.
496 2441 626 2484 Sunt
647 2444 830 2484 tamen
851 2441 1028 2496 aliquo
1049 2442 1213 2485 modo
1235 2442 1410 2485 adhoc
1431 2441 1607 2484 idonei
1628 2440 1842 2495 quando
1865 2440 1968 2483 alia
1988 2440 2029 2483 81
2050 2440 2279 2484 certiora
2298 2440 2476 2484 media

269 2513 544 2565 defuerint,
578 2513 871 2567 praesertim
903 2524 1028 2556 cum
1060 2512 1332 2556 habilitate
1362 2513 1451 2555 sua
1481 2512 1769 2556 commode
1799 2512 1895 2555 fint
1921 2511 2210 2567 portatiles.
2245 2512 2475 2567 Reliquae

267 2584 532 2636 utilitates,
562 2596 695 2638 quas
716 2584 945 2627 Gemma
965 2585 1006 2627 81
1027 2584 1110 2640 alij
1134 2585 1601 2639 conglomerarunt
1621 2583 1796 2627 minus
1815 2582 2150 2637 principales.
2175 2594 2273 2627 nec
2295 2583 2477 2627 admo·

269 2655 399 2699 dum
419 2658 595 2699 certos
615 2655 704 2710 qui
724 2654 853 2698 scire
874 2658 1049 2708 avent,
1070 2655 1124 2698 in
1144 2666 1331 2699 eorum
1353 2657 1597 2709 quaerant
1616 2654 1817 2698 libellis.

873 2756 1301 2816 ARMILLA
1334 2755 1870 2816 PORTATILIS.

390 2851 510 2894 VIN
532 2851 573 2894 81
591 2851 812 2894 Armilla
836 2851 1087 2905 quaedam
1107 2851 1217 2894 sola
1237 2863 1269 2893 a
1289 2850 1442 2895 nobis
1469 2850 1659 2894 effecta
1686 2850 1757 2894 est
1781 2849 1999 2893 interius
2023 2853 2206 2893 tamen
2231 2849 2476 2894 conveni-

414 2922 620 2966 entibus
647 2922 827 2966 fulcris
854 2922 1089 2974 stabilita,
1120 2934 1241 2976 quae
1266 2922 1423 2965 facile
1446 2922 1715 2976 exportari
1735 2922 1912 2977 poBet,
1941 2924 2100 2976 atque
2125 2921 2474 2976 pedestalibus

267 2993 485 3047 lapideis
507 3005 632 3037 cum
653 2994 753 3037 suis
776 2993 1041 3048 adaptatis
1062 2993 1296 3037 cochleis
1318 2993 1408 3036 sub
1430 2993 1516 3037 dio
1545 2993 1799 3045 constitui,
1828 2993 2002 3047 sicque
2027 2992 2080 3035 in
2106 3004 2324 3037 omnem
2344 2992 2474 3036 Coeli

267 3067 475 3118 partem
502 3064 723 3108 minimo
751 3059 960 3120 negotio
989 3064 1221 3119 appofite
1249 3064 1516 3116 convolvi;
1547 3076 1775 3118 quarum
1801 3063 2061 3107 beneficio
2085 3063 2211 3107 solae
2234 3063 2474 3107 Declina-

266 3134 436 3178 tiones
456 3135 698 3179 Siderum
719 3136 1013 3190 capiuntur,
1042 3135 1163 3178 licet
1183 3146 1291 3178 non
1311 3135 1447 3178 adeo
1469 3135 1732 3188 subtiliter,
1762 3138 1921 3190 atque
1946 3134 2238 3190 majoribus
2263 3133 2378 3186 illis,
2407 3134 2473 3178 de

268 3205 457 3259 quibus
476 3206 530 3248 in
550 3206 983 3250 antecedentibus
997 3204 1195 3249 dictum
1210 3205 1301 3249 est:
1323 3206 1574 3249 Attamen
1587 3217 1711 3249 cum
1727 3206 1847 3250 haec
1861 3205 2083 3248 Armilla
2096 3205 2207 3249 fere
2220 3205 2248 3248 3
2264 3205 2473 3249 cubitos

265 3275 319 3318 in
347 3276 622 3320 Diametro
649 3277 862 3329 habeat,
893 3278 934 3320 81
964 3276 1393 3321 circumferentia
1422 3276 1532 3320 eius
1561 3276 1901 3332 undiquaque
1928 3276 2212 3320 Orichalco
2242 3274 2473 3320 obdud’ta

267 3347 344 3398 fit;
361 3346 433 3389 ita
447 3350 505 3390 ut
519 3347 759 3391 omnium
772 3347 1048 3391 Graduum
1064 3349 1259 3403 singula
1273 3348 1476 3391 minuta
1491 3359 1586 3402 per
1598 3346 1793 3402 puncta
1806 3346 2172 3391 transversalia
2186 3346 2470 3401 exprimat3

2349 3434 2474 3474 11011.

2524 2517 2571 2553 30

2523 2927 2570 2962 35

2521 3281 2568 3316 40
