2638 3952
65 385 174 429 1-14r

104 1087 147 1123 10

106 1443 148 1479 15

401 240 1012 296 ASTRONOMIAE
1038 237 1604 294 INSTAURATAE
1631 243 2180 296 MECHANICA
2302 244 2392 295 147

671 384 1325 447 STELLAEBVRGI
1356 387 1925 448 EXPLICATIO.

636 511 735 554 TSI
762 510 815 553 in
839 510 948 565 ipsa
974 508 1346 564 principaliore
1371 511 1523 555 Arcis
1549 512 1713 555 domo
1736 512 1926 555 Turres
1952 512 2130 555 versus
2150 512 2395 555 Austrum

638 583 680 626 ἃ
694 580 1117 636 Septentrionem
1131 580 1442 632 constitutae,
1465 593 1590 625 cum
1611 582 1712 625 suis
1732 582 2112 637 appendicibus
2131 583 2253 626 hinc
2274 583 2396 626 inde

522 690 539 693 ,
638 652 940 697 extantibus
953 663 1051 707 pro
1066 662 1174 695 non
1186 652 1373 706 paucis
1387 653 1746 697 Instrumentis
1759 656 1875 696 utut
1889 654 2080 708 amplis
2094 653 2237 696 isthic
2254 665 2397 697 com·

205 751 207 790 Q
358 718 449 810 δᾴ
479 703 564 834 δὴ
640 724 800 767 mode
820 722 1154 778 disponendis
1175 723 1494 777 sufficerent;
1516 728 1699 768 tamen
1719 737 1846 768 cum
1867 724 2142 768 successive
2160 724 2316 768 certis
2331 725 2396 767 de

342 816 343 819 =
451 833 454 835 μ
785 795 794 804 ’
1031 793 1137 836 adh
1442 796 1452 805 ”
2127 795 2135 803 “
2381 820 2398 827 -

347 784 492 860 *³⁵³*
514 820 540 842 ³
564 851 598 882 .‚
637 794 2397 921 5332?isssssszznfinssssessiffififg33¹3?ss..223531-5323331'5.

195 937 410 981 alterius
431 937 702 981 obstaculo
724 936 999 988 constaret,
1021 936 1360 991 postmodum
1382 938 1525 981 circa
1545 938 1758 980 Annum
1782 937 1909 980 1584.
1931 937 1984 980 in
2005 938 2140 981 colle
2161 938 2397 991 quodam

194 1012 346 1052 extra
364 1009 560 1052 Arcem
580 1008 760 1052 versus
782 1007 1059 1051 Meridiem
1079 1007 1151 1050 70.
1174 1007 1383 1051 circiter
1408 1008 1635 1063 passibus
1659 1008 1952 1052 minoribus
1974 1021 2006 1051 a
2025 1009 2168 1051 vallo
2188 1012 2396 1052 remoto

195 1080 630 1124 Observatorium
663 1079 936 1134 quoddam
970 1079 1368 1122 subterraneum
1403 1080 1610 1135 Cryptis
1642 1080 1856 1123 diversis
1885 1091 1915 1124 e
1944 1079 2108 1123 solido
2141 1091 2296 1123 muro
2329 1079 2397 1122 ab

194 1152 304 1196 imo
326 1151 396 1195 ad
416 1151 683 1194 summum
703 1148 952 1194 extructis
973 1150 1193 1194 confieri
1213 1150 1317 1194 feci
1335 1151 1519 1195 labore
1533 1152 1575 1194 81
1590 1151 1798 1206 sumptu
1818 1163 1926 1195 non
1946 1150 2182 1203 modico;
2204 1151 2398 1205 partim

194 1226 253 1266 ut
276 1223 330 1266 in
355 1233 420 1267 eo
447 1223 700 1277 quaedam
726 1233 794 1265 ex
819 1221 1102 1277 praecipuis
1123 1221 1483 1266 Instrumentis
1506 1225 1620 1267 tuto
1645 1223 1686 1266 ἃ
1708 1222 1932 1265 firmiter
1958 1221 2305 1276 disponerem,
2333 1234 2398 1265 ne

197 1294 264 1338 ab
290 1293 408 1338 ullis
430 1293 601 1337 ventis
628 1292 900 1348 quidpiam
926 1292 1356 1346 disturbarentur,
1385 1296 1543 1348 atque
1570 1293 1908 1338 commodius
1933 1293 2046 1336 usui
2070 1293 2396 1346 inservirent;

196 1364 390 1421 partim
408 1367 467 1408 ut
486 1363 755 1408 Studiosos
781 1375 949 1417 meos,
977 1376 1104 1408 cum
1129 1365 1306 1419 plures
1333 1364 1563 1408 adessent
1582 1377 1614 1407 a
1636 1365 1686 1408 se
1711 1364 1942 1408 invicem
1968 1364 2329 1419 difiungerem,
2358 1365 2399 1408 δι

197 1436 512 1492 quibusdam
533 1435 587 1479 in
608 1435 717 1490 ipra
736 1436 890 1488 Arce,
918 1435 1232 1490 quibusdam
1251 1447 1381 1480 vero
1400 1436 1454 1479 in
1474 1436 1614 1480 hisce
1642 1436 1849 1491 Cryptis
1871 1436 2264 1480 observationes
2284 1448 2400 1479 exe-

197 1508 436 1563 quendas
454 1506 937 1563 praemonstrarem,
958 1518 1026 1550 ne
1043 1507 1135 1551 fibi
1151 1507 1381 1551 invicem
1394 1507 1776 1563 impedimento
1792 1507 1986 1559 forent;
2009 1510 2100 1550 aut
2121 1507 2399 1551 observata

195 1579 500 1635 priusquam
522 1579 731 1630 vellem,
758 1578 893 1622 inter
918 1578 969 1622 se
995 1578 1313 1622 conferrent.
1335 1578 1611 1634 Appellavi
1635 1581 1815 1622 autem
1840 1579 1944 1622 hoc
1967 1578 2399 1622 Observatorium

197 1651 404 1695 Danica
422 1650 599 1706 lingua
620 1648 946 1703 stiemburg
962 1650 1105 1704 quod
1120 1650 1161 1692 81
1176 1649 1456 1693 Germanis
1477 1650 1587 1694 fere
1607 1650 1765 1701 idem,
1788 1650 1974 1693 Latine
1995 1650 2399 1704 Stellaeburgum

198 1723 361 1767 sonat.
383 1721 541 1777 CuJus
559 1721 796 1765 formam
809 1721 851 1764 81
866 1720 1316 1777 orthographiam
1335 1734 1443 1764 una
1463 1733 1588 1765 cum
1610 1721 1699 1764 sua
1720 1721 2107 1776 Ichnographia
2127 1721 2213 1764 hic
2235 1720 2397 1765 vides.

198 1793 440 1846 Quorum
456 1792 740 1848 explicatio
758 1791 1008 1836 brevibus
1021 1792 1254 1836 indicata
1266 1792 1386 1836 haec
1402 1792 1487 1836 est.
1509 1793 1569 1836 A.
1585 1793 1791 1836 Portale
1805 1803 1871 1835 ex
1886 1792 2066 1836 Ionico
2082 1804 2243 1847 opere
2258 1803 2401 1836 com-

197 1866 439 1920 positum,
459 1875 554 1919 per
567 1864 711 1918 quod
724 1863 784 1907 fit
798 1863 1073 1907 descensus
1084 1863 1137 1907 in
1151 1863 1375 1919 Cryptas
1389 1864 1544 1920 huJus
1559 1863 1930 1915 Observatorii‚
1951 1864 2184 1918 superius
2197 1863 2401 1907 habens

197 1939 305 1979 tres
331 1936 538 1979 Leones
558 1935 854 1979 Coronatos
881 1934 1088 1978 affabre
1114 1935 1332 1987 excisos,
1360 1935 1402 1978 81
1427 1935 1550 1979 hinc
1576 1935 1698 1978 inde
1723 1935 1925 1990 lapides
1950 1935 2285 1990 Porphyrios,
2313 1935 2402 1989 qui

197 2007 558 2062 inscriptiones
588 2006 963 2059 convenientes
989 2005 1162 2061 primo
1188 2006 1323 2050 libro
1350 2006 1695 2061 Epistolarum
1722 2006 2226 2058 Astronomicarum,
2258 2006 2310 2049 in
2335 2017 2401 2050 eo

198 2079 337 2130 loco,
357 2078 449 2121 ubi
468 2078 534 2121 de
554 2078 658 2122 hoc
681 2077 1055 2121 Observatorio
1077 2078 1326 2133 Cryptico
1347 2078 1532 2133 agitur,
1554 2077 1772 2121 insertas
1792 2077 2061 2130 exhibent3
2091 2089 2224 2132 quas
2244 2077 2401 2120 nimis

196 2150 412 2205 longum
433 2149 571 2193 foret
589 2149 676 2192 hic
696 2152 950 2204 repetere.
979 2149 1322 2193 Posteriorem
1341 2152 1524 2192 tamen
1545 2161 1666 2203 quae
1686 2148 2031 2192 universalior
2050 2148 2136 2200 est,
2165 2160 2294 2192 mox
2314 2149 2402 2191 da—

197 2216 388 2264 bimus.v
420 2221 472 2263 B.
495 2220 784 2264 rotundum
810 2220 1158 2275 laquearium,
1188 2220 1277 2263 sub
1306 2232 1411 2274 quo
1438 2220 1844 2275 hypocaustum,
1871 2220 1924 2262 in
1950 2221 2095 2274 quod
2117 2219 2349 2274 undique
2372 2231 2401 2263 e

197 2291 405 2347 Cryptis
424 2291 670 2347 ingressus
690 2294 849 2346 patet.
874 2291 926 2335 C.
944 2292 1140 2346 Crypta
1157 2302 1255 2346 pro
1269 2291 1500 2334 Armillis
1514 2291 1844 2346 AEquatorijs
1858 2291 2150 2347 majoribus
2165 2303 2310 2334 num.
2331 2291 2398 2334 14.

197 2362 484 2406 delineatis.
513 2363 576 2405 D.
600 2363 796 2418 Crypta
822 2374 920 2418 pro
942 2362 1250 2414 Quadrante
1270 2373 1465 2418 magno
1486 2362 1702 2406 volubili
1723 2363 1990 2417 appellato
2010 2374 2155 2406 num.
2177 2362 2220 2406 6.
2245 2366 2402 2406 antea

197 2433 448 2489 expresso.
480 2435 533 2477 E.
557 2434 754 2489 Crypta
783 2445 880 2489 pro
907 2433 1139 2477 Armillis
1169 2433 1539 2478 Zodiacalibus
1569 2445 1713 2476 num.
1749 2434 1817 2476 11.
1840 2433 2099 2488 expositis.
2131 2433 2181 2476 F.
2204 2434 2401 2489 Crypta

196 2516 294 2559 pro
327 2516 522 2560 magno
555 2505 830 2557 Quadrato
865 2505 1202 2549 Geometrico
1234 2505 1565 2559 Chalybeum
1598 2504 1813 2548 interius
1844 2504 2210 2556 Quadrantem
2242 2504 2403 2548 conti-

197 2578 368 2628 nente,
397 2588 541 2620 num.
565 2577 606 2619 7.
636 2577 848 2631 signato.
883 2576 942 2620 G.
965 2577 1163 2631 Crypta
1188 2587 1285 2631 pro
1314 2576 1562 2619 Sextante
1590 2575 2010 2627 Quadricubitali
2033 2575 2087 2618 in
2113 2576 2203 2619 suo
2229 2576 2402 2619 fulcro

196 2647 238 2690 ἃ
253 2646 424 2691 Globo
439 2648 763 2691 convolubili
777 2648 866 2702 qui
885 2659 1110 2691 numero
1135 2647 1203 2690 16.
1226 2647 1647 2702 repraesentatur.
1672 2647 1805 2691 Haec
1827 2648 2006 2701 quoad
2021 2647 2246 2702 Cryptas
2265 2646 2403 2701 ipsas

197 2717 427 2761 breviter
451 2718 685 2762 indicata
710 2719 820 2762 fint.
849 2718 1119 2773 Inscriptio
1140 2721 1336 2770 autem,
1366 2718 1431 2761 de
1452 2730 1558 2772 qua
1578 2717 1700 2769 dixi,
1729 2718 1796 2761 ab
1823 2719 1987 2761 altera
2014 2721 2165 2773 parte
2184 2717 2401 2761 Portalis

197 2788 376 2832 versus
397 2788 675 2833 Meridiem
695 2789 749 2832 in
768 2789 940 2844 lapide
960 2789 1253 2844 Porphyrio
1274 2789 1447 2833 aureis
1467 2789 1628 2832 literis
1648 2789 1882 2845 insignita
1900 2788 2020 2832 talis
2041 2788 2132 2832 est:

343 3381 408 3416 ις·
2121 3371 2195 3423 Ι).
2219 3371 2289 3424 Ο.
2312 3371 2397 3422 Μ.
