2644 3978
265 259 370 310 326
803 257 1494 311 ANNOTATIONES
1521 258 1925 312 EDITORIS

265 400 358 449 est,
382 409 502 451 quae
524 397 666 452 apud
687 397 972 440 Braunium
992 397 1268 441 invenitur.
1293 398 1449 454 Apud
1468 398 1610 442 hunc
1630 409 1760 442 vero
1781 398 1967 442 insulae
1989 398 2220 443 ambitus
2239 400 2468 455 pessime

265 468 567 523 designatus
593 471 687 520 est,
715 479 779 512 ac
807 479 873 511 ne
898 480 1006 512 una
1033 468 1247 523 quidem
1272 469 1598 525 piscinarum
1625 472 1862 525 apparet.
1891 469 1951 513 In
1975 469 2159 514 tabula
2183 473 2365 515 autem
2385 482 2470 515 ex-

263 542 438 583 trema
466 541 682 582 sextans
711 541 763 582 et
791 539 1017 583 armillae
1046 539 1238 584 formae
1267 540 1470 596 exiguae
1500 541 1726 596 depictae
1756 543 1892 593 sunt,
1928 553 2050 596 quae
2081 541 2218 586 sicut
2245 541 2469 596 picturae

267 609 584 666 Uraniburgi
602 609 718 653 illas
739 610 1056 665 exprimunt,
1079 623 1201 666 quae
1221 623 1361 656 nunc
1383 611 1653 667 Marpurgi
1674 615 2041 658 asservantur.

337 681 406 724 ad
426 692 475 736 p.
501 680 600 733 142,
610 681 644 739 ⁶]
677 680 790 725 Has
811 681 1189 726 delineationes
1208 682 1344 726 sicut
1363 686 1644 738 sequentes
1663 682 1993 738 Stellaeburgi
2013 695 2076 727 ac
2096 683 2257 728 totius
2282 683 2469 729 insulae

266 751 471 796 Hvenae
493 752 698 807 majore
717 752 894 797 forma
915 753 1159 797 dedimus
1177 756 1307 798 tom.
1322 753 1392 797 VI
1414 765 1463 809 p.
1485 753 1574 797 289
1592 766 1707 809 sqq.

336 823 406 867 ad
423 835 474 878 p.
501 822 653 881 143‚2³]
676 823 796 867 Non
815 824 1012 868 multos
1032 824 1225 868 abhinc
1247 836 1416 869 annos
1435 824 1489 869 in
1508 824 1708 880 pariete
1729 825 1922 869 domus
1940 825 2220 881 cujusdam
2232 825 2286 870 in
2298 825 2470 871 insula

266 894 456 938 Hvena
476 894 833 951 fragmentum
854 895 1010 951 huJus
1030 895 1218 951 lapidis
1237 898 1508 951 repertum
1534 898 1629 948 est,
1658 897 1801 950 quod
1820 907 1961 940 nunc
1983 897 2188 941 Lundae
2208 897 2262 940 in
2281 908 2469 942 museo

264 965 517 1010 historico
538 969 856 1010 asservatur.
880 966 1015 1011 Haec
1035 967 1202 1011 verba
1221 967 1515 1011 etiamnum
1535 968 1797 1022 leguntur:

974 1049 1256 1093 FOELICIS
1282 1049 1557 1093 AVSPICII
1583 1049 1759 1093 ERGO

1092 1109 1286 1153 ANNO
1315 1109 1634 1153 MDLXXVI

1119 1168 1229 1213 ΚΑ.
1252 1168 1538 1212 AVGVSTI
1563 1170 1612 1212 P.

265 1251 398 1294 Cum
419 1250 547 1303 dies,
574 1250 662 1306 qui
684 1250 771 1295 hic
791 1251 1069 1304 indicatur,
1097 1262 1205 1296 non
1223 1250 1366 1296 idem
1386 1251 1467 1304 sit,
1497 1263 1657 1306 quem
1677 1252 1730 1295 in
1749 1251 1882 1296 libro
1902 1251 2101 1296 indicat
2119 1252 2320 1308 Tycho,
2348 1264 2471 1298 con-

265 1321 441 1366 silium
461 1321 676 1377 quidem
696 1321 857 1366 fuisse
876 1322 1100 1375 videtur,
1121 1325 1180 1366 ut
1199 1322 1248 1366 d.
1275 1322 1293 1365 l
1319 1335 1390 1366 m.
1406 1323 1535 1378 Aug.
1557 1322 1692 1378 lapis
1711 1325 2013 1378 poneretur,
2035 1326 2090 1367 at
2108 1335 2166 1368 re
2186 1335 2316 1368 vera
2335 1324 2472 1380 posi-

263 1396 348 1437 tus
368 1395 446 1436 est
467 1393 515 1436 d.
532 1392 580 1445 83
602 1405 729 1437 narn
749 1393 854 1438 hoc
874 1393 958 1438 die
979 1394 1132 1437 Luna
1151 1396 1265 1437 erat
1284 1393 1338 1437 in
1356 1394 1534 1438 medio
1549 1393 1800 1448 Aquario,
1823 1396 1878 1437 at
1894 1394 1943 1437 d.
1967 1394 1985 1436 1
2009 1393 2062 1437 in
2082 1394 2319 1450 Scorpio.
2342 1395 2471 1440 Gas-

264 1464 459 1509 sendus
488 1467 668 1509 autem
699 1465 771 1522 (in
804 1463 1083 1520 Tychonis
1112 1464 1319 1508 Btahei
1347 1463 1468 1508 Vita
1500 1476 1550 1520 p.
1581 1464 1670 1508 300
1697 1465 1779 1509 ed.
1810 1465 1944 1523 Par.)
1975 1465 2265 1521 praemissis
2292 1467 2471 1512 verbis

269 1535 695 1580 »Fundamentali
717 1535 1035 1591 Uraniburgi
1059 1535 1221 1591 lapidi
1246 1536 1366 1580 haec
1392 1535 1542 1580 fuere
1566 1535 1854 1591 insculpta«
1877 1539 2074 1591 praeter
2093 1536 2198 1580 alia
2217 1539 2471 1583 nonnulla

265 1618 485 1651 carmen
509 1607 715 1662 praebet
733 1618 988 1652 versuum
1008 1610 1150 1660 octo,
1177 1619 1282 1662 quo
1303 1607 1470 1652 verba
1489 1607 1751 1662 insculpta
1770 1607 1978 1662 poetice
1998 1611 2355 1664 exponuntur3
2382 1608 2470 1654 hic

264 1689 393 1722 vero
414 1678 526 1723 dies
543 1678 770 1723 traditur
788 1679 918 1734 Aug.
939 1678 983 1723 6.

337 1750 406 1793 ad
425 1761 475 1805 p.
502 1749 655 1808 147‚24]
675 1750 779 1794 vid.
800 1753 931 1795 tom.
954 1749 1024 1793 VI
1044 1762 1094 1806 p.
1116 1750 1205 1794 272
1223 1761 1301 1805 sq.

336 1822 405 1864 ad
423 1833 474 1877 p.
501 1821 654 1880 149,21]
674 1821 778 1866 vid.
800 1821 923 1866 ibid.
945 1833 1031 1877 pp.
1052 1821 1305 1866 274-276.
1328 1846 1385 1853 —
1407 1820 1507 1866 Hic
1527 1832 1658 1865 vero
1679 1821 1877 1866 addere
1897 1821 2038 1874 libet,
2067 1834 2189 1877 quae
2209 1834 2276 1867 ex
2295 1824 2472 1880 explo-

264 1892 555 1936 rationibus
576 1905 623 1937 a.
650 1892 757 1937 1901
784 1893 838 1937 in
858 1896 1017 1937 terrae
1043 1893 1159 1937 solo
1186 1892 1341 1937 factis
1365 1895 1577 1948 reperta
1602 1895 1738 1936 sunt.
1766 1892 2131 1937 Pavimentum
2158 1897 2470 1950 cryptarum

265 1964 310 2007 G
330 1966 382 2008 et
402 1964 448 2007 D
468 1963 521 2007 in
542 1964 735 2009 eadem
755 1964 1027 2009 altitudine
1054 1967 1184 2017 erat,
1213 1976 1318 2019 qua
1343 1963 1666 2019 hypocausti
1689 1963 2075 2020 pavimentum,
2102 1964 2470 2020 pavimentum

264 2046 393 2079 vero
414 2038 620 2091 cryptae
640 2035 677 2079 F
700 2035 783 2079 122
797 2047 886 2080 cm
905 2035 1044 2080 infra
1063 2035 1168 2080 hoc
1189 2038 1318 2079 erat.
1340 2035 1408 2079 At
1427 2038 1632 2091 cryptae
1655 2035 1693 2078 E
1711 2036 2079 2092 pavimentum
2103 2036 2186 2080 125
2200 2047 2289 2081 cm
2308 2048 2470 2093 supra

263 2106 390 2150 illud
424 2109 555 2159 erat,
591 2110 645 2152 et
676 2106 950 2152 restabant
986 2106 1163 2151 adhuc
1198 2106 1408 2162 gradus,
1446 2106 1635 2162 quibus
1668 2107 1737 2151 ad
1769 2118 1892 2151 eam
1921 2107 2325 2152 ascendebatur.
2351 2108 2468 2153 Vid.

265 2178 318 2222 C.
339 2178 401 2222 V.
430 2178 488 2222 L.
517 2178 768 2232 Charlier‚
810 2177 1267 2234 Utgrafningarna
1299 2176 1367 2222 af
1393 2177 1581 2233 Tycho
1611 2177 1830 2222 Brahes
1862 2177 2268 2224 observatoriet
2291 2175 2369 2235 pa
2401 2178 2469 2224 δη

263 2248 426 2292 Hven
446 2260 763 2294 sommaren
788 2249 899 2293 1901
919 2250 1144 2307 (Lundae
1169 2249 1297 2302 1901,
1318 2249 1371 2293 in
1391 2249 1479 2307 4⁰).

336 2321 405 2364 ad
423 2332 473 2377 p.
500 2321 654 2381 1⁴19,2⁷]
673 2322 778 2366 vid.
802 2324 980 2366 annot.
1004 2321 1073 2365 ad
1092 2333 1141 2377 p.
1168 2320 1320 2374 14o,1⁶.

336 2393 406 2436 ad
423 2405 474 2448 p.
501 2392 642 2451 151,⁶]
674 2392 779 2437 vid.
802 2396 981 2438 annot.
1005 2393 1074 2436 ad
1092 2395 1223 2437 tom.
1246 2391 1316 2435 VI
1335 2404 1386 2448 p.
1407 2391 1563 2444 224,³⁶.

337 2464 406 2508 ad
425 2477 474 2520 p.
501 2464 654 2523 151‚1⁵]
676 2464 778 2509 Hae
799 2467 1050 2519 quattuor
1069 2475 1222 2508 arces
1242 2454 1298 2507 a.
1316 2463 1429 2507 1288
1450 2463 1639 2509 dirutae
1666 2462 1781 2509 esse
1809 2464 2194 2518 existimantur,
2221 2475 2349 2509 cum
2368 2465 2472 2510 Eri-

266 2547 361 2579 cus
388 2535 565 2591 Magni
590 2535 744 2589 filius,
774 2536 879 2579 Rex
903 2534 1183 2591 Norvegiae
1209 2534 1317 2592 (qui
1343 2538 1530 2590 postea
1553 2539 1775 2580 vocatus
1801 2538 1881 2580 est
1910 2537 2280 2580 »sacerdotum
2304 2535 2472 2580 inimi-

266 2606 409 2664 cus«)
434 2606 553 2650 freti
578 2607 732 2651 litora
756 2607 1171 2663 depraedaretur.
1200 2606 1260 2649 In
1280 2606 1491 2651 Braunii
1517 2606 1750 2651 Theatro
1773 2606 1982 2650 urbium
2006 2606 2076 2650 ad
2096 2607 2302 2651 Hvenae
2321 2607 2471 2652 tabu-

266 2679 375 2721 lam
395 2678 514 2722 haec
536 2678 805 2734 adscripta
824 2680 966 2722 sunt:
993 2677 1161 2722 »Olim
1182 2681 1411 2733 quatuor
1421 2678 1648 2723 Arcibus
1667 2678 1880 2735 insignis
1900 2681 2030 2731 erat,
2052 2690 2178 2722 cum
2194 2678 2469 2724 Huenellae

266 2749 562 2805 gigantissae
582 2749 667 2807 (ex
688 2761 794 2805 qua
813 2749 933 2794 haec
955 2750 1132 2793 Insula
1151 2761 1350 2794 nomen
1370 2749 1641 2805 accepisse
1662 2749 1912 2807 creditur)
1936 2749 2150 2805 posteri,
2176 2748 2313 2794 inter
2335 2761 2470 2805 quos

268 2820 422 2877 Hugo
449 2821 490 2864 δι
517 2821 810 2865 Grunhilda
835 2821 979 2876 apud
1005 2821 1303 2865 Germanos
1328 2821 1381 2864 in
1401 2821 1735 2864 Athletarum
1761 2820 1982 2865 historia
2008 2821 2245 2865 celebres
2270 2832 2471 2866 memo-

266 2894 466 2944 rantur,
481 2891 627 2935 illam
640 2892 1011 2936 inhabitarent.
1029 2892 1260 2936 Nomina
1272 2891 1493 2936 Arcium
1507 2892 1683 2936 adhuc
1698 2895 2060 2937 recensentur:
2077 2892 2468 2948 Synderburga,

268 2975 389 3018 quae
403 2975 589 3007 versus
606 2963 952 3007 meridionale
969 2963 1111 3008 littus
1126 2963 1227 3007 sita
1241 2967 1371 3016 erat,
1394 2964 1852 3018 quemadmodum
1869 2963 2184 3019 Nordburga
2198 2963 2470 3019 oppositas

267 3037 462 3090 partes,
489 3033 633 3079 circa
658 3035 885 3079 Boream
908 3034 1195 3079 obtinebat.
1225 3024 1546 3079 Karhecidia
1572 3034 1784 3092 [rectius
1805 3034 2270 3092 Karlshoga1vero
2291 3037 2469 3079 ortum

267 3106 591 3161 hyemalem,
630 3105 791 3149 veluti
824 3105 1064 3150 Hamera
1095 3105 1344 3150 aestiuum
1378 3105 1709 3161 respiciebat.
1750 3105 1961 3150 Harum
1992 3108 2222 3160 quatuor
2251 3104 2469 3149 Arcium

266 3176 617 3221 fundamenta
632 3177 807 3221 adhuc
823 3176 1234 3232 conspiciuntur,
1255 3177 1350 3221 sed
1366 3176 1562 3221 rudera
1576 3178 1719 3221 nulla
1733 3179 1855 3222 sunt
1866 3177 2123 3221 residua«
2146 3201 2203 3208 —-
2223 3176 2470 3220 Ceterum

269 3249 335 3293 de
368 3248 660 3292 Grunhilda
695 3247 807 3292 sive
844 3247 1040 3292 rectius
1073 3247 1367 3292 Grimhilda
1399 3247 1503 3292 vid.
1539 3247 1601 3292 O.
1636 3249 1693 3292 L.
1724 3247 1967 3300 Jiriczek,
2005 3246 2111 3290 Die
2146 3246 2469 3291 Hvenische

272 3318 516 3363 Chronik
533 3319 777 3376 (Berolini
801 3319 929 3372 1892,
950 3319 1004 3362 in
1023 3318 1110 3376 80).
