2638 3952
257 269 349 321 158

469 267 1077 322 ASTRONOMIAE
1103 269 1667 324 INSTAURATAE
1694 270 2242 326 MECHANICA

829 409 1158 478 Conspexit
1174 412 1239 465 in
1262 428 1382 480 quo
1401 411 1567 465 fixus
1589 412 1737 465 orbe

829 481 1177 536 Conficeret
1187 482 1303 550 sua
1316 482 1492 552 signa
1512 482 1801 546 Phoebus,

682 553 1050 620 Phoebeque.
1077 556 1146 607 ut
1160 554 1289 609 illis
1307 554 1603 608 machina
1624 557 1831 608 terrea

692 622 973 691 Vtrisque
995 628 1279 679 centrum
1294 626 1604 693 praebeat,·
1624 628 1692 678 ut
1712 625 1926 680 Venus

829 695 1177 763 Cyllenium
1189 696 1407 767 secuta
1420 695 1601 763 fdus

824 766 1124 820 Ambiat
1098 769 1460 836 ignivomas
1481 768 1822 837 quadrigas

683 837 821 890 Ma
785 853 928 905 Jore
942 853 1123 906 gyro,
1145 840 1377 893 Martis
1398 842 1467 893 ut
1484 839 1748 893 orbitam

682 909 978 976 Iovisque
998 925 1251 964 currum
1272 911 1336 964 ἄ
1352 910 1698 979 tardigradi
1705 909 1897 978 seniS,

830 980 954 1034 Ceu
976 982 1185 1036 cordis
1204 980 1394 1048 instar
1410 985 1596 1050 atque
1617 982 1832 1045 centri,

825 1052 1137 1106 AEtlierea
1156 1055 1517 1107 moderetur
1533 1055 1669 1107 arte

689 1121 1032 1189 Coelestium
1053 1124 1167 1178 Sol
1185 1124 1421 1178 arbiter
1439 1124 1677 1178 orbium

683 1194 1026 1262 Mundique
1044 1211 1175 1249 rex
1199 1199 1268 1249 ut
1272 1211 1409 1265 Jam
1429 1211 1634 1263 neque
1654 1197 1947 1265 dogmata

831 1266 1249 1333 Copernicaea‚
1270 1282 1391 1321 nec
1411 1267 1503 1321 tui
1517 1282 1638 1320 nos

825 1337 1167 1392 Detineant
1184 1340 1529 1392 Ptolomaee
1548 1338 1726 1407 cycli.

686 1408 850 1461 Sunt
867 1407 1028 1462 forte
1050 1409 1157 1476 qui
1172 1409 1640 1463 Danmarchica
1659 1409 1913 1463 Martiis

689 1478 929 1533 Ornent
948 1480 1226 1547 tropheis
1245 1495 1463 1548 regna,
1486 1481 1550 1534 dr
1564 1480 1816 1534 adoreis
1822 1497 1842 1543 ,·

829 1550 992 1604 Sunt
1008 1551 1172 1605 forte
1194 1551 1302 1619 qui
1316 1567 1535 1620 regem
1556 1553 1853 1605 decorent

832 1620 1208 1690 Consilioque
1226 1638 1542 1690 manuque
1556 1623 1813 1691 promti:

684 1693 773 1746 At
798 1693 1073 1748 TYCHO
1092 1695 1212 1747 diae
1231 1694 1464 1748 mentis
1484 1694 1773 1748 acumine

685 1764 933 1818 Pridem
955 1767 1286 1819 exulantes
1309 1766 1561 1819 Vraniae
1581 1767 1823 1829 choros,

825 1836 1034 1903 Atque
1053 1834 1210 1902 aftra
1231 1839 1535 1891 devocata
1556 1838 1729 1900 coelo,

826 1908 985 1961 Arte
1005 1908 1131 1961 tuis
1149 1909 1603 1963 FRIDERICE
1617 1909 1839 1977 regnis

683 1977 929 2045 Inclusit
947 1981 1177 2032 audax:
1194 1980 1486 2034 Nominis
1503 1980 1608 2034 hic
1629 1980 1720 2033 tui

686 2050 1056 2118 sceptrique
1076 2051 1313 2104 famam
1326 2050 1519 2119 supra
1537 2051 1861 2105 hominum
1876 2066 2087 2119 genus

826 2122 1112 2185 Mortale,
1135 2122 1390 2176 deduxit
1399 2138 1523 2190 per
1540 2138 1762 2176 omnes

827 2192 1076 2246 Limitis
1095 2194 1360 2247 aetherei
1375 2197 1640 2247 meatus,

687 2263 843 2329 Quis
855 2263 1018 2331 posse
1039 2264 1295 2318 credat?
1322 2264 1597 2320 TYCHO
1617 2265 1742 2319 tuis
1764 2265 1931 2319 dedit

694 2333 997 2401 Terrestre
1017 2337 1246 2389 coelum
1265 2335 1359 2403 (fit
1372 2336 1532 2389 mihi
1548 2337 1653 2390 fas
1672 2337 1839 2390 nova

826 2406 1205 2460 Miraculum
1226 2408 1544 2475 explicare
1567 2405 1746 2473 voce)

825 2479 938 2531 Ille
958 2478 1238 2532 animum
1257 2479 1712 2547 imperiumque
1736 2478 1999 2548 Olympo

685 2549 1011 2616 AEquavit.
1032 2551 1116 2602 Et
1133 2564 1273 2617 quae
1286 2552 1473 2617 plura
1493 2549 1794 2604 fatebitur

692 2619 926 2674 Gratus
944 2621 1146 2674 labori
1165 2621 1451 2688 quisquis
1472 2622 1606 2684 erit,
1620 2620 1826 2688 sacris

828 2692 968 2744 Non
988 2691 1297 2745 invidenti
1313 2692 1463 2746 felle
1485 2691 1724 2756 tinctus

836 2763 1105 2816 Vranies
1126 2766 1424 2830 operatus
1444 2764 1592 2817 aris.
1613 2760 1633 2833 ΙΙ

685 2835 819 2887 Nec
837 2831 1039 2899 nostra
1060 2837 1120 2888 te
1146 2834 1484 2889 Germania
1503 2835 1734 2889 lividas

690 2904 1055 2959 Obliviones
1075 2919 1338 2973 carpere
1352 2906 1638 2973 perferet

826 2977 1111 3044 Ingrata:
1129 2978 1292 3029 Nam
1314 2977 1406 3030 tui
1424 2977 1677 3031 videndi

827 3048 995 3100 Dum
1014 3047 1275 3101 nimium
1289 3045 1568 3115 studiosa,
1583 3047 1823 3116 septem

686 3117 886 3183 Abisse
908 3116 1111 3185 questa
1132 3117 1216 3185 est
1233 3119 1335 3172 diu
1357 3119 1728 3182 trieterideS,

687 3187 823 3255 Post
842 3193 987 3243 vota
1009 3191 1259 3244 tandem
1281 3193 1342 3244 te
1355 3189 1467 3257 sibi
1482 3190 1788 3244 redditum

828 3262 1072 3314 Blande
1084 3259 1386 3327 salutans,
1410 3259 1570 3328 adsit,
1591 3261 1806 3329 inquit,

828 3333 969 3385 Non
983 3330 1112 3398 sine
1131 3332 1273 3385 Diis
1292 3332 1450 3384 mihi
1465 3331 1672 3398 missus
1690 3332 1932 3400 hospes,

2511 1073 2553 1108 10

2511 1429 2554 1464 15

2508 2142 2553 2176 25

2509 2497 2558 2533 30

2473 2838 2592 2882 Hor

2349 3402 2467 3456 Sat
