2638 3952
49 369 168 412 H2r

97 1210 139 1246 10

102 1627 144 1661 15

99 2042 146 2076 20

103 2460 149 2494 25

108 3291 154 3326 35

395 227 1007 280 ASTRONOMIAE
1034 228 1602 281 INSTAURATAE
1628 230 2179 283 MECHANICA
2300 231 2392 283 139

285 373 1015 435 DELINEATIONIS
1042 374 1311 435 ARCIS
1336 374 1936 447 VRANIBVRGI,
1967 376 2298 474 QVOAD

852 476 1136 530 TOTAM
1164 477 1729 530 CAPACITATEM

1051 572 1537 626 EXPLICATIO.

640 1033 901 1085 concessit‚
924 1045 1125 1076 annum
1140 1044 1301 1088 agens
1315 1033 1489 1076 aetatis
1504 1034 1995 1089 quinquagesimum
2011 1037 2275 1088 quartum,
2292 1033 2399 1076 diu-

187 1118 423 1162 turniore
444 1119 566 1161 sane
585 1118 693 1160 vita
715 1116 1049 1172 dignissimus,
1078 1116 1242 1160 modo
1264 1116 1400 1160 DEO
1422 1116 1494 1159 ita
1514 1116 1682 1159 visum
1702 1116 1888 1160 fuisset:
1919 1117 1968 1160 Is
1993 1117 2249 1173 (inquam)
2273 1117 2400 1171 opti-

190 1215 309 1246 mus
330 1203 452 1254 Rex,
481 1213 607 1245 cum
633 1203 830 1256 praeter
850 1199 983 1243 alias
1005 1199 1265 1244 Heroicas
1286 1200 1437 1243 dotes
1458 1211 1581 1255 erga
1608 1199 1845 1244 liberalia
1867 1199 2031 1243 studia
2051 1211 2176 1243 vere
2196 1200 2398 1244 liberali

191 1286 233 1330 81
250 1285 509 1341 propenso
524 1284 646 1328 esset
660 1284 856 1335 animo,
880 1286 1039 1338 atque
1058 1283 1394 1335 intellexisset,
1416 1283 1810 1326 Astronomiam
1823 1283 1959 1326 inter
1971 1283 2090 1326 haec
2105 1283 2399 1338 principem

191 1370 371 1413 locum
399 1368 740 1419 obtinentem,
769 1380 801 1409 a
828 1367 1045 1410 summis
1073 1367 1278 1421 semper
1298 1366 1606 1410 Monarchis
1628 1366 1669 1408 81
1689 1366 1911 1421 Regibus
1931 1366 1983 1409 in
2004 1366 2211 1409 summo
2239 1366 2401 1409 etiam

192 1452 361 1507 pretio
388 1451 644 1502 habitam,
673 1451 975 1504 multosque
1001 1461 1067 1493 ex
1092 1449 1174 1493 his
1200 1449 1534 1493 laudabiliter
1558 1449 1612 1492 in
1632 1452 1695 1492 ea
1716 1449 1967 1501 versatos,
1996 1461 2094 1493 nec
2122 1449 2401 1492 minimam

194 1535 423 1579 nominis
448 1533 858 1590 perpetuitatem
884 1533 1005 1576 inde
1032 1533 1360 1584 consecutos,
1391 1533 1531 1576 hanc
1558 1533 1611 1575 in
1637 1533 1727 1576 suo
1755 1532 1916 1576 etiam
1944 1533 2116 1588 Regno
2143 1534 2402 1587 praeclare

193 1618 366 1663 excoli
390 1621 549 1672 atque
569 1617 739 1661 foveri
758 1616 907 1660 duxit
927 1616 1354 1672 operaepretium.
1385 1616 1737 1670 Quapropter,
1765 1615 1855 1659 ubi
1882 1628 1968 1659 me
1994 1615 2130 1659 illius
2155 1615 2404 1659 instaura-

191 1702 322 1746 tioni
348 1713 568 1756 operam
595 1712 812 1750 navare,
845 1703 1003 1754 atque
1028 1699 1082 1742 in
1108 1702 1172 1743 ea
1197 1699 1441 1754 palaestra
1469 1699 1647 1742 multis
1668 1699 1783 1754 jam
1810 1699 1960 1742 annis
1985 1699 2107 1742 inde
2135 1699 2201 1742 ab
2231 1699 2404 1742 adole-

194 1785 388 1829 scentia
402 1785 670 1828 versatum
690 1783 1015 1838 percepisset;
1040 1783 1176 1826 adeo
1196 1786 1253 1826 ut
1271 1782 1427 1838 hujus
1448 1782 1824 1826 continuandae
1839 1782 1880 1824 81
1896 1783 1965 1825 ad
1980 1785 2221 1836 optatum
2239 1782 2401 1825 finem

194 1868 551 1924 perducendae
578 1867 760 1923 gratia,
789 1865 970 1909 relicta
989 1866 1161 1909 Patria
1180 1866 1233 1909 in
1254 1865 1616 1917 Germaniam,
1646 1877 1751 1919 quo
1779 1866 2003 1919 quietius
2027 1866 2068 1908 81
2093 1865 2403 1920 oportunius

195 1953 368 1995 eidem
394 1962 666 2002 vacarem,
698 1950 964 1993 discedere
991 1949 1231 1992 animum
1257 1949 1588 2001 induxissem3
1622 1960 1709 1991 me
1736 1949 2065 2000 accersitum,
2096 1952 2153 1991 ut
2179 1948 2324 1991 isthic
2351 1948 2404 1990 in

195 2035 368 2078 Dania
393 2035 537 2077 idem
563 2044 870 2087 exequerer,
902 2032 1149 2076 clementi
1176 2032 1545 2076 benevolentia
1573 2032 1886 2075 adhortatus
1913 2031 2004 2075 est:
2037 2032 2078 2074 81
2108 2032 2289 2086 sponte
2315 2031 2405 2075 ob-

194 2120 303 2162 lata
324 2118 494 2160 Insula
516 2115 848 2160 celeberrimi
868 2115 986 2158 freti
1000 2115 1190 2159 Danici
1202 2115 1443 2167 Venusia,
1468 2115 1824 2158 communiter
1836 2114 1929 2171 (uti
1944 2113 2161 2169 dictum)
2177 2114 2403 2157 Huenna

196 2202 476 2257 appellata,
511 2199 952 2244 commoditatem
983 2199 1126 2242 hisce
1158 2198 1456 2243 Caelestibus
1490 2197 1665 2241 studiis
1697 2198 1768 2241 ibi
1801 2209 2022 2252 operam
2056 2197 2217 2241 dandi
2250 2197 2404 2252 Regio

195 2285 383 2329 favore
414 2283 630 2338 largitus
663 2282 753 2326 est:
789 2282 950 2326 veluti
984 2282 1114 2326 alias
1147 2293 1359 2337 quoque
1391 2281 1546 2337 hujus
1575 2293 1850 2335 nunquam
1880 2281 2001 2324 satis
2030 2281 2230 2324 laudati
2259 2280 2405 2335 Regis

197 2368 395 2412 consilii
419 2366 746 2410 mentionem
773 2366 814 2408 81
840 2365 1161 2409 memoriam
1187 2366 1425 2409 recolere
1451 2365 1612 2416 soleo;
1646 2376 1772 2408 cum
1800 2376 1908 2407 non
1935 2364 2312 2407 tantummodo
2339 2363 2405 2407 de

199 2463 302 2503 me,
332 2450 419 2494 sed
439 2450 480 2492 81
501 2450 566 2493 de
586 2451 699 2493 tota
719 2460 777 2492 re
796 2448 1163 2492 Astronomica
1188 2448 1292 2492 hac
1318 2448 1523 2491 ratione
1544 2448 1603 2490 fit
1623 2447 1815 2491 eximie
1836 2447 2070 2491 meritus.
2101 2447 2278 2499 Quare
2297 2446 2406 2489 uni-

197 2534 406 2578 versam
440 2533 812 2584 Posteritatem‚
851 2533 920 2575 ad
956 2544 1118 2587 quam
1154 2531 1246 2588 (uti
1277 2531 1446 2589 spero)
1474 2531 1629 2587 hujus
1657 2531 1734 2574 rei
1762 2529 2086 2574 ususfructus
2119 2530 2404 2585 aliquando

198 2617 485 2673 perveniet,
513 2615 824 2659 Serenissimi
844 2616 885 2658 81
906 2615 1104 2670 Optimi
1122 2615 1257 2658 illius
1279 2615 1425 2670 Regis
1446 2625 1643 2658 nomen
1662 2616 1810 2670 grata
1832 2617 2009 2657 mente
2030 2614 2302 2657 celebrare
2322 2613 2406 2656 de-

199 2704 298 2745 cet.
330 2701 405 2743 Ex
432 2699 566 2742 illlus
592 2700 771 2753 itaque
795 2698 1194 2753 praestantissimi
1220 2698 1367 2753 Regis
1393 2698 1626 2750 decreto,
1658 2701 1817 2752 atque
1844 2699 2116 2741 voluntate
2142 2696 2404 2747 clementi,

200 2796 325 2828 cum
350 2784 403 2826 in
430 2781 567 2826 dicta
589 2782 760 2825 Insula
786 2782 1014 2825 aedificia
1034 2781 1402 2825 Astronomico
1428 2782 1637 2837 negotio
1665 2784 1789 2836 apta
1816 2780 1976 2824 solide
2003 2781 2044 2823 81
2070 2780 2350 2835 magnifice
2374 2782 2406 2822 a

200 2879 287 2911 me
308 2866 658 2910 construenda
678 2865 866 2917 forent,
889 2865 1020 2920 elegi
1038 2866 1220 2909 locum
1240 2865 1476 2908 maxime
1495 2865 1549 2907 in
1569 2867 1631 2908 ea
1652 2865 1873 2908 aeditum
1892 2863 2037 2920 (cum
2052 2864 2093 2906 81
2106 2866 2220 2907 tota
2238 2863 2406 2906 Insula

200 2962 295 3006 per
320 2950 370 2994 se
397 2950 501 2992 alte
527 2949 750 3006 extaret)
778 2960 944 3003 prope
971 2949 1082 3004 eJus
1109 2949 1253 3003 quasi
1278 2948 1645 2999 meditullium,
1675 2948 1766 2991 ubi
1791 2948 1986 2991 Arcem
2014 2958 2081 2990 ex
2105 2947 2214 3001 ipso
2242 2946 2404 2996 Coelo,

201 3034 351 3089 cujus
377 3032 831 3077 observationibus
859 3032 1105 3076 inservire
1135 3032 1366 3083 deberet,
1399 3031 1816 3083 denominatam,
1845 3031 1886 3074 81
1915 3030 2307 3084 Uraniburgum
2337 3029 2405 3072 ob

202 3117 254 3159 id
283 3114 478 3159 dictam
508 3115 975 3158 fundamentaliter
1003 3115 1304 3158 construere
1334 3114 1592 3170 aggressus
1622 3115 1756 3166 sum;
1786 3114 2138 3168 incipiensque
2162 3112 2229 3155 ab
2253 3113 2405 3154 Anno

206 3199 334 3242 1576.
368 3198 657 3242 successivis
684 3198 1016 3252 temporibus
1046 3198 1273 3241 eandem
1303 3197 1523 3241 absolvi:
1558 3198 1708 3252 qu'us
1738 3196 2190 3252 orthographiam
2221 3195 2307 3237 hic
2339 3194 2408 3237 se-

203 3283 438 3326 cundum
462 3285 634 3325 totam
661 3282 894 3337 eJusdem
917 3281 1153 3324 formam
1180 3282 1221 3324 81
1247 3280 1619 3335 capacitatem,
1648 3283 1906 3334 quantum
1929 3279 1982 3322 in
2004 3280 2163 3334 plano
2184 3277 2298 3321 fieri
2318 3288 2407 3331 po-

348 3378 412 3414 18*
2281 3364 2405 3422 tuit,
