2638 3952
63 447 171 490 A&

98 1158 140 1193 10

99 1515 141 1549 15

97 1870 144 1906 20

99 2227 145 2261 25

102 2936 148 2971 35

106 3291 152 3325 40

398 305 1006 360 ASTRONOMIAE
1033 304 1596 358 INSTAURATAE
1624 304 2172 357 MECHANICA
2313 304 2380 356 33

787 449 1333 512 EXPLICATIO
1363 450 1786 511 FABRICAE

1099 544 1213 605 ET
1236 544 1473 605 VSVS.

661 657 1075 702 VADRANTEM
1096 657 1400 709 volubilem,
1424 657 1512 711 qui
1528 668 1636 700 non
1651 657 1817 700 solum
1831 656 2141 700 Altitudines
2158 656 2251 712 (uti
2265 656 2385 699 Sex·

588 727 601 745 ²
661 733 781 773 tans
803 733 924 773 ante
945 727 1131 786 didius)
1156 727 1406 771 subtiliter
1427 727 1765 771 scrutaretur:
1795 727 1882 771 sed
1903 728 1943 770 ἃ
1964 727 2155 771 eodem
2176 727 2383 782 negotio

662 800 948 844 Azimutha
963 800 1033 843 ad
1045 810 1277 854 unguem
1290 799 1562 853 panderet,
1585 799 1986 850 construximus,
2007 798 2099 841 tali
2114 797 2208 854 (uti
2221 797 2386 853 vides)

663 871 856 915 forma.
886 870 1199 925 Habetque
1186 881 1229 913 is
1250 882 1283 913 a
1303 873 1486 914 centro
1506 871 1552 912 A
1571 870 1732 924 usque
1753 871 1821 913 ad
1842 869 2328 913 circumferentiam
2349 869 2386 910 B

495 917 609 1023 Q<
663 943 748 986 vel
769 943 806 985 C
827 945 1056 996 quatuor
1081 940 1304 992 cubitos,
1333 941 1374 984 81
1400 941 1829 985 circumferentia
1856 940 1991 984 adeo
2020 940 2269 983 subtiliter
2293 951 2388 994 per

664 1011 859 1068 punc'ta
884 1012 1251 1056 transversalia
1272 1012 1529 1056 subdivisa
1556 1012 1642 1064 est,
1669 1015 1727 1055 ut
1753 1015 2001 1066 quartam
2026 1011 2179 1054 unius
2202 1011 2387 1053 minuti

188 1086 397 1139 partem
430 1083 746 1128 collimatori
779 1086 936 1128 acuto
970 1083 1233 1135 exhibeat,
1268 1084 1425 1127 oculo
1459 1084 1528 1127 ad
1558 1083 1919 1138 pinnacidium
1953 1083 1999 1125 K
2032 1082 2314 1137 applicato,
2348 1082 2388 1124 8ι

189 1157 337 1199 mota
358 1155 549 1210 Regula
568 1155 684 1207 AK,
713 1155 884 1199 donec
905 1155 1058 1198 Sidus
1078 1154 1469 1199 observandum
1496 1155 1565 1198 ad
1591 1155 1759 1197 latera
1779 1154 2012 1208 Cylindri
2030 1154 2181 1209 Juxta
2202 1154 2246 1195 A
2266 1153 2386 1195 hinc

187 1226 309 1270 inde
340 1225 617 1280 aequaliter
646 1226 927 1281 splendeat.
957 1226 1100 1269 Tunc
1134 1225 1275 1268 enim
1305 1226 1496 1281 Regula
1526 1226 1617 1269 ubi
1649 1225 1926 1269 divisiones
1956 1225 2137 1268 transit
2162 1225 2313 1280 juxta
2344 1224 2389 1265 K

189 1297 516 1341 altitudinem
547 1297 822 1351 quaesitam
851 1296 1078 1340 exhibet.
1114 1297 1279 1340 Index
1306 1308 1435 1340 vero
1466 1296 1528 1349 Q,
1562 1297 1649 1351 qui
1680 1297 1733 1339 in
1763 1295 2248 1340 circumferentiam
2277 1295 2391 1337 Azi-

189 1368 484 1412 muthalem
503 1379 598 1423 per
617 1369 654 1410 R
675 1368 930 1423 signatam
950 1367 1262 1420 extenditur,
1283 1380 1390 1411 una
1404 1367 1813 1411 Azimuthorum
1830 1370 2106 1411 momenta
2123 1366 2387 1421 patefacit.

190 1439 630 1495 contignationes,
664 1451 785 1494 quae
814 1439 950 1482 intra
980 1438 1302 1491 Quadrantis
1331 1450 1516 1482 aream
1546 1442 1848 1490 cernuntur,
1884 1439 1998 1481 sunt
2027 1441 2310 1493 propterea
2338 1438 2391 1480 in

190 1523 315 1555 eum
334 1511 558 1555 modum
578 1510 923 1554 multifariam
943 1510 1216 1564 dispositae,
1243 1514 1301 1553 ut
1323 1510 1470 1553 illum
1489 1510 1712 1553 firmiter
1729 1513 1843 1553 tam
1862 1510 1916 1552 in
1938 1510 2026 1553 suo
2048 1510 2206 1564 plano
2229 1521 2390 1563 quarn

189 1582 392 1636 reliqua
413 1581 839 1626 conformatione
859 1581 1035 1625 debita
1061 1580 1321 1624 retineant
1340 1584 1498 1635 atque
1520 1582 1844 1625 conservent.
1874 1580 2057 1635 Estque
2078 1580 2312 1630 Limbus‚
2339 1580 2392 1622 in

191 1664 297 1707 quo
324 1652 601 1697 divisiones
627 1653 756 1705 sunt,
785 1652 1130 1696 Orichalcicis
1157 1652 1365 1696 laminis
1387 1652 1726 1707 undiquaque
1751 1651 2012 1696 inductus:
2040 1655 2154 1695 tum
2181 1662 2391 1705 quoque

190 1724 409 1779 reliquae
439 1724 760 1776 Quadrantis
788 1726 983 1779 partes,
1017 1723 1211 1778 partim
1241 1723 1522 1778 Chalybeis
1551 1724 1746 1779 partim
1775 1723 2120 1767 Orichalcicis
2148 1721 2393 1766 incrusta-

190 1794 420 1838 tionibus
445 1794 621 1852 (prout
646 1807 781 1850 opus
807 1795 939 1852 erat)
964 1795 1199 1838 munitae.
1227 1794 1433 1838 Affixus
1460 1798 1640 1839 autem
1667 1795 1737 1838 est
1762 1794 1848 1838 hic
1870 1794 2151 1846 Quadrans
2170 1793 2393 1836 firmiter

192 1867 460 1910 columnae
489 1866 613 1910 forti
640 1866 830 1910 ferreae
861 1866 1234 1921 quadrilaterae
1266 1865 1370 1908 LM
1382 1866 1444 1918 N,
1479 1877 1604 1910 curn
1634 1867 1738 1920 qua
1768 1866 1930 1909 etiam
1960 1864 2394 1908 circumvolvitur

191 1937 457 1989 facillime,
485 1937 539 1980 in
564 1949 940 1992 quamcunque
960 1937 1089 1980 Coeli
1113 1939 1322 1991 partem
1348 1937 1588 1981 lubuerit.
1618 1937 1757 1980 Nam
1785 1935 1922 1980 dicsta
1943 1937 2194 1980 columna
2220 1935 2393 1978 ferrea

194 2008 426 2064 superius
445 2012 584 2052 teres
605 2007 761 2060 facta,
789 2009 842 2051 in
865 2008 1127 2052 foramine
1149 2008 1386 2062 quodam
1406 2007 1713 2051 ferramenti
1734 2009 1890 2060 densi,
1919 2008 2062 2062 quod
2088 2006 2393 2050 decussatim

193 2091 349 2123 muro
369 2080 597 2123 rotundo
617 2079 928 2123 turriculam
949 2080 1053 2123 live
1071 2082 1334 2134 cryptam,
1356 2079 1410 2122 in
1424 2081 1528 2134 qua
1543 2079 1949 2123 Instrumentum
1964 2077 2392 2129 conservabatur,

194 2150 472 2202 efficiente,
489 2151 713 2194 firmiter
726 2151 1040 2206 adaptatum
1054 2150 1145 2202 est3
1167 2150 1383 2194 inferius
1398 2154 1594 2203 autem,
1614 2150 1705 2194 ubi
1713 2151 1864 2206 juxta
1879 2151 1924 2194 G
1938 2151 2129 2194 eadem
2144 2150 2394 2193 columna

194 2222 246 2265 in
272 2222 560 2266 rotundum
587 2233 816 2266 acumen
836 2233 902 2265 ex
923 2222 1159 2277 Chalybe
1186 2221 1382 2273 desinit,
1411 2233 1476 2265 ac
1501 2222 1554 2264 in
1580 2233 1749 2277 parvo
1775 2221 2038 2265 foramine
2060 2220 2256 2276 pariter
2276 2231 2396 2263 acu-

193 2292 396 2336 minato
416 2292 726 2345 revolvitur;
753 2293 912 2348 idque
931 2293 985 2336 in
1003 2292 1258 2336 laminula
1280 2294 1514 2347 quadam
1535 2293 1826 2348 Chalybea;
1856 2305 1976 2347 quae
1998 2295 2226 2347 quatuor
2245 2294 2396 2334 extra

193 2364 370 2419 positis
391 2363 686 2408 Cochleolis
706 2376 921 2419 quaqua
940 2364 1150 2408 versum
1171 2375 1305 2418 opus
1323 2363 1496 2416 fuerit,
1522 2363 1663 2407 trudi
1682 2363 1862 2419 potest,
1885 2364 2054 2408 donec
2076 2362 2396 2415 Quadrantis

194 2437 418 2489 utraque
446 2435 824 2490 perpendicula
852 2435 997 2479 circa
1022 2436 1068 2479 A
1092 2434 1393 2489 incipientia
1423 2435 1464 2478 ἃ
1487 2435 1638 2490 Juxta
1664 2435 1698 2477 S
1725 2435 2009 2478 desinentia
2036 2437 2148 2477 tam
2177 2435 2395 2488 planum

196 2505 533 2558 Quadrantis,
555 2518 720 2561 quam
735 2506 948 2550 dorsum
963 2506 1090 2558 eius,
1113 2506 1598 2560 quomodocunque
1613 2506 2051 2560 circumgyratur‚
2070 2505 2143 2549 ita
2158 2504 2395 2560 dirigant,

194 2579 252 2620 ut
271 2575 456 2620 exatste
476 2577 735 2621 circulum
756 2578 997 2632 quemvis
1016 2576 1325 2620 verticalem
1348 2578 1727 2632 repraesentare
1754 2576 2214 2631 depraehendatur.
2244 2575 2398 2627 Quod

195 2659 320 2692 cum
351 2648 510 2692 semel
537 2647 739 2692 factum
769 2649 855 2701 est,
886 2650 927 2692 81
956 2647 1334 2703 circumspecste
1362 2648 1416 2691 in
1443 2645 1621 2691 varias
1651 2660 1714 2691 ac
1746 2648 1978 2692 diversas
2005 2647 2189 2690 Mundi
2217 2648 2398 2701 plagas

196 2719 516 2771 Quadrantis
544 2719 960 2774 dispositionibus
987 2720 1165 2763 sedulo
1191 2719 1476 2774 provisum,
1505 2723 1663 2774 atque
1684 2719 1924 2763 Cochleis
1950 2718 2203 2773 requisitis
2223 2718 2399 2760 firma-

194 2793 326 2842 tum,
349 2801 457 2834 non
477 2801 610 2845 opus
629 2790 726 2834 erit
745 2791 913 2835 multo
932 2794 1175 2845 tempore
1194 2790 1582 2845 perpendiculis
1603 2790 1889 2842 attendere,
1913 2802 1981 2832 an
2000 2789 2244 2833 videlicet
2264 2789 2399 2841 Qua-

196 2861 358 2904 drans
373 2873 402 2904 e
418 2861 507 2904 sua
526 2861 771 2916 requisita
791 2861 1119 2916 dispositione
1134 2861 1367 2905 dimotus
1382 2862 1455 2904 sit.
1480 2861 1662 2916 Neque
1678 2861 1818 2905 enim
1833 2861 1886 2904 id
1900 2860 2202 2916 contingere
2216 2859 2396 2915 potest,

197 2931 287 2975 nisi
314 2934 508 2986 magna
529 2932 706 2986 aliqua
725 2932 975 2976 violentia
995 2944 1062 2975 ex
1081 2932 1366 2986 improviso
1388 2932 1805 2987 superveniente:
1832 2935 2053 2986 tumque
2074 2932 2238 2975 modo
2260 2934 2400 2974 ante-

198 3001 336 3046 dic’to
357 3002 513 3046 facile
532 3003 725 3046 restitui
745 3003 925 3058 potest.
953 3003 1101 3047 Adeo
1123 3003 1264 3046 enim
1284 3003 1508 3047 firmiter
1528 3004 1653 3047 saxo
1673 3003 1902 3062 rotundo
1925 3002 1991 3054 H,
2014 3002 2157 3057 quod
2178 3002 2399 3046 solidum

198 3073 419 3117 existens
438 3073 700 3128 profunde
720 3074 773 3117 in
791 3077 934 3118 terra
955 3074 1059 3118 alio
1077 3074 1426 3118 fundamento
1441 3075 1650 3129 lapideo
1663 3075 1950 3117 immotum
1963 3073 2156 3116 insistit:
2180 3074 2220 3115 &
2241 3073 2401 3116 ferra-

199 3147 440 3187 mentum
460 3144 620 3187 etiam
643 3145 786 3199 quod
806 3145 1111 3189 decussatim
1133 3145 1366 3200 superius
1387 3149 1547 3198 extat,
1576 3146 1641 3189 de
1662 3156 1768 3199 quo
1789 3145 1895 3188 dixi
1915 3155 2070 3188 muro
2092 3144 2257 3187 stabili
2276 3144 2401 3186 inni-

198 3218 330 3266 tens,
352 3226 460 3258 non
478 3215 674 3270 patitur
694 3217 1003 3259 columnam
1022 3216 1271 3268 ferream,
1294 3216 1380 3259 cui
1394 3216 1674 3268 Quadrans
1696 3216 1939 3271 affigitur,
1963 3227 1991 3259 e
2012 3216 2102 3259 suo
2120 3214 2398 3265 foramine,

203 3286 346 3339 quod
364 3285 418 3328 in
437 3285 614 3329 medio
635 3286 721 3338 est,
745 3286 1016 3341 quidpiam
1036 3287 1303 3330 vacillare.

273 3356 456 3400 Murus
483 3361 662 3400 autem
688 3357 731 3400 is
756 3358 1014 3401 rotundus
1040 3357 1222 3402 circuli
1247 3358 1604 3412 peripheriam
1626 3357 1809 3402 exad’te
1831 3357 2084 3400 exhibens
2107 3357 2274 3413 (cujus
2295 3356 2400 3399 dia-

343 3441 365 3475 5
2219 3435 2402 3480 meter
