2638 3952
371 294 980 350 ASTRONOMIAE
1006 293 1572 347 INSTAURATAE
1597 294 2146 348 MECHANICA
2290 295 2358 348 87

159 436 413 492 quopiam
437 435 514 479 uti
538 435 735 479 licebit:
763 434 1233 487 Quemadmodum
1254 433 1295 476 ἃ
1313 433 1458 488 prius
1478 433 1544 477 de
1568 433 1816 489 distantiJ‘s
1842 433 2073 489 ejusdem
2100 434 2358 478 beneficio

159 512 428 569 capiendis
448 512 841 557 admonuimus.
864 511 1172 555 Cavendum
1194 514 1373 554 autem
1395 510 1567 554 solerti
1587 510 1863 554 scrutatori
1883 510 1950 553 ab
1971 510 2032 566 ijs
2052 510 2361 555 Instrumen-

158 591 240 643 tis‚
269 601 562 644 eorumque
588 589 937 644 dirpofitione;
965 600 1087 643 quae
1112 587 1269 632 facile
1288 587 1555 639 vacillant,
1583 590 1675 630 aut
1700 587 1888 641 quovis
1908 587 2072 631 modo
2092 587 2219 631 vitio
2239 599 2361 632 con-

158 667 421 711 trahendo
447 666 680 710 obnoxia
706 666 834 709 sunt.
864 665 1004 709 Nam
1028 676 1114 708 res
1133 664 1370 708 versatur
1395 664 1539 708 circa
1563 664 1799 717 minima,
1827 676 1893 707 ex
1914 664 2103 718 quibus
2122 665 2361 708 maxima

90 752 112 786 5
160 744 569 788 concluduntur:
596 754 663 787 ne
684 754 907 798 operam
927 743 968 786 ἃ
989 743 1168 786 oleum
1187 741 1350 799 (quod
1369 741 1474 785 dici
1492 741 1638 799 solet)
1656 741 1958 796 perdamus.
1988 740 2143 793 Quod
2166 742 2362 796 plaeris-

161 833 264 876 que
292 832 322 865 e
350 819 731 864 recentioribus
758 819 1086 864 Astronomis
1115 819 1322 863 accidit.
1355 818 1572 863 Utinam
1600 830 1709 862 non
1735 818 1878 861 idem
1908 818 1973 862 de
2004 818 2361 873 antiquissimis

219 898 332 950 illis,
360 898 538 953 quoad
563 897 843 952 praecisam
869 896 1220 949 subtilitatem,
1249 896 1493 951 suspicari
1511 895 1707 940 liceret.
1736 896 1966 939 Daretur
1985 896 2107 939 sane
2127 896 2303 950 exqui-

280 974 422 1018 sitior
439 974 575 1018 ratio
588 973 979 1019 Astronomiam
998 973 1246 1018 omnibus
1263 971 1466 1017 saeculis
1487 973 1556 1017 ad
1576 972 1818 1016 amussim
1838 973 2243 1028 respondentem

340 1050 698 1096 constituendi.
726 1050 786 1094 In
811 1061 916 1106 quo
938 1054 1123 1094 tamen
1143 1053 1401 1105 quantum
1419 1050 1591 1094 ferent
1611 1050 1994 1093 anteeessorum
2015 1050 2184 1094 obser-

69 1136 111 1171 10
397 1131 524 1172 vata
549 1128 591 1172 81
615 1127 828 1183 placita,
855 1128 1067 1171 volente
1089 1128 1336 1183 supremo
1357 1127 1585 1171 Numine
1605 1128 1647 1170 ἃ
1667 1128 2063 1171 elaboravimus
2084 1127 2124 1169 ἃ

800 1205 1212 1257 elaborabimus,
1232 1208 1292 1248 ut
1309 1205 1516 1248 mendis
1536 1204 1718 1248 omnia

972 1285 1196 1338 purgata
1214 1281 1267 1324 in
1286 1282 1548 1337 integrum

1084 1358 1432 1403 restituantur.

1934 3438 2365 3504 QVADRANS
