2638 3952
99 1052 142 1088 10

101 1493 144 1528 15

393 258 1006 314 ASTRONOMIAE
1035 256 1610 311 INSTAURATAE
1636 256 2188 310 MECHANICA
2334 259 2403 311 99

187 413 296 447 non
320 400 569 445 inutiliter
589 398 1043 444 Declinationibus
1063 398 1334 454 capiendis
1356 397 1584 449 inseruit,
1612 399 1782 451 eaque
1807 397 2126 451 potissimum
2146 398 2267 442 usus
2290 399 2402 442 sum

189 473 404 529 quando
426 471 704 516 Horizonti
718 470 902 514 Sidera
924 470 1372 526 appropinquant:
1396 469 1530 512 Cum
1549 467 1842 524 majoribus
1862 468 1960 512 illis
1981 468 2049 512 ob
2071 472 2400 525 cryptarum,

189 545 225 588 si
252 556 373 600 quae
399 543 718 599 ingerantur,
746 541 1143 597 impedimenta,
1172 541 1277 585 hoc
1304 552 1412 584 non
1437 540 1511 584 ita
1538 540 1824 584 commode
1849 540 2039 594 exequi
2062 540 2198 584 forte
2223 541 2400 585 liceat:

187 619 304 659 tum
317 615 481 659 etiam
496 613 610 670 alijs
624 614 691 657 de
705 613 907 665 caussis,
922 612 1112 668 quibus
1127 613 1412 667 aliquando
1429 612 1534 667 maj
1542 623 1603 655 or
1617 612 1773 654 datur
1786 611 1840 654 in
1853 611 1950 663 his,
1965 623 2129 665 quam
2141 613 2405 667 ampliori-

190 688 289 732 bus
308 686 407 730 illis
427 685 786 730 commoditas
808 684 951 729 circa
972 685 1224 739 quaedam
1241 683 1532 740 peculiaria
1545 684 1667 727 loca
1681 682 1951 739 negotium
1965 683 2069 727 hoc
2086 684 2400 738 exequendi:

188 762 303 802 tum
317 768 530 813 quoque
543 760 602 800 ut
615 756 873 800 varietate
887 756 1362 800 Instrumentorum
1380 755 1524 799 idem
1545 755 1689 810 quod
1709 754 1986 810 expeditur
2006 755 2400 809 comprobetur.

188 830 458 884 Adaptare
478 828 642 872 etiam
661 827 784 871 huic
804 827 1043 871 Armillae
1066 827 1189 871 licet
1207 827 1298 871 ubi
1317 826 1546 870 lubuerit
1566 827 1718 870 suum
1739 826 2184 870 semicircularem
2206 827 2405 881 AEqua-

189 904 378 954 torem,
400 901 442 944 ἃ
461 900 633 944 Axem
652 902 876 944 teretem
897 899 1279 954 Cylindricum:
1303 899 1478 953 ficque
1498 898 1736 953 pluribus
1755 897 1946 949 ufibus,
1969 909 2162 952 nempe
2180 898 2404 942 Adscen-

190 972 419 1017 fionibus
449 969 620 1024 recstis,
655 971 697 1015 ἃ
728 974 1035 1026 temporum
1067 970 1354 1014 momentis
1385 982 1481 1026 per
1512 982 1635 1014 eam
1665 969 1936 1025 capiendis
1967 969 2400 1013 accommodare.

191 1044 348 1097 Quod
367 1043 409 1087 ἃ
428 1054 527 1088 nos
547 1042 835 1098 aliquando
855 1041 1096 1086 factitare
1118 1042 1504 1086 consuevimus.

949 1166 1641 1228 ASTROLABIVM.

289 1269 718 1314 STROLABIVM
734 1269 1144 1314 Instrumentum
1160 1282 1192 1313 a
1206 1269 1490 1322 veteribus,
1508 1269 1802 1325 praesertim
1818 1269 2107 1324 plurimum
2121 1268 2404 1324 Astrologis

348 1341 660 1397 usurpatum
686 1342 728 1385 ἃ
755 1342 822 1385 ab
842 1341 1109 1385 Arabibus
1134 1341 1228 1399 (uti
1253 1341 1510 1399 existimo)
1535 1341 1768 1396 primum
1795 1340 1968 1384 solerti
1992 1340 2236 1395 indagine
2264 1341 2405 1384 adin-

191 1416 428 1466 ventum,
460 1414 603 1468 quod
630 1413 871 1469 Sphaerae
897 1412 1127 1457 Coelestis
1153 1412 1382 1457 circulos
1409 1416 1568 1468 atque
1593 1412 1745 1456 usum
1774 1412 1827 1455 in
1855 1413 2016 1467 plano
2043 1412 2404 1467 comprimens

193 1484 393 1540 digerit,
423 1485 628 1528 nullum
658 1484 873 1539 quidem
895 1485 1048 1541 justae
1077 1485 1451 1541 magnitudinis
1479 1483 1737 1528 hacstenus
1766 1483 1988 1528 confieri
2015 1483 2303 1527 voluimus:
2338 1495 2403 1527 eo

194 1556 339 1611 quod
357 1555 491 1600 Vsus
509 1556 665 1600 huius
685 1556 738 1600 in
758 1556 1000 1600 Siderum
1023 1556 1476 1600 observationibus
1497 1555 1673 1599 minus
1700 1556 1759 1599 fit
1784 1555 2189 1607 accommodus,
2217 1566 2315 1598 nec
2341 1555 2404 1610 ijs

194 1626 458 1671 sufficiens
485 1627 526 1670 81
551 1630 744 1671 certus.
771 1629 1002 1671 Parvum
1026 1631 1210 1671 tamen
1235 1639 1345 1671 aere
1372 1639 1495 1671 meo
1515 1630 1757 1682 emptum
1778 1627 2008 1679 obtineo,
2031 1638 2097 1670 ex
2118 1626 2402 1670 Orichalco

195 1698 355 1743 solide
375 1699 416 1741 ἃ
436 1698 644 1742 affabre
663 1699 1014 1751 elaboratum,
1041 1700 1184 1754 quod
1204 1699 1410 1755 spitami
1430 1699 1648 1755 majoris
1670 1699 2004 1743 solummodo
2025 1698 2403 1753 longitudinem

194 1770 246 1813 in
261 1770 539 1814 Diametro
554 1771 819 1825 adaequat.
842 1771 1027 1826 Estque
1042 1772 1111 1814 ad
1124 1774 1363 1815 veterem
1376 1771 1522 1814 illam
1541 1770 1806 1815 rationem
1826 1782 1951 1814 cum
1971 1770 2072 1813 suis
2093 1769 2403 1813 matricibus

99 1849 181 1893 205-
196 1841 565 1896 compositum,
591 1854 754 1897 quam
774 1842 1040 1886 Iohannes
1060 1842 1352 1894 Stofflerus,
1374 1842 1415 1885 δι
1437 1842 1520 1898 alij
1544 1841 1719 1894 secuti,
1746 1843 2038 1886 luculenter
2056 1841 2400 1884 tradiderunt.

99 2206 145 2242 25

193 1912 296 1956 Vbi
321 1912 585 1957 fabricam
612 1914 654 1956 81
677 1913 845 1966 usum,
874 1914 963 1969 qui
981 1915 1176 1966 volent,
1204 1916 1400 1969 petant.
1422 1914 1622 1957 Verum
1644 1917 1766 1957 ante
1787 1914 1986 1968 aliquot
2008 1924 2176 1956 annos
2197 1911 2404 1956 Norim-

194 1984 372 2040 bergae
410 1985 637 2029 laminas
669 1985 1033 2030 Orichalcicas
1067 1987 1325 2030 rotundas
1356 1986 1627 2041 diligenter
1659 1986 1853 2030 confici
1884 1984 2085 2036 curavi,
2127 1996 2248 2039 quae
2286 1985 2403 2038 plus

195 2056 404 2100 duobus
431 2056 620 2100 cubitis
644 2057 699 2100 in
724 2057 1001 2101 Diametro
1028 2057 1242 2110 habent,
1271 2057 1312 2099 8ι
1338 2057 1727 2101 crassitudinem
1753 2057 1876 2100 huic
1903 2059 2319 2111 competentem;
2350 2055 2402 2098 in

196 2127 386 2183 quibus
405 2128 759 2172 Astrolabium
780 2128 1114 2173 Catholicum
1135 2131 1239 2172 five
1258 2129 1562 2172 Vniversale
1583 2128 1834 2172 subtiliter
1859 2128 2136 2172 elaborare
2164 2127 2402 2171 constitui

196 2200 340 2255 quod
366 2199 568 2254 absque
592 2203 672 2243 tot
696 2200 1008 2244 matricibus
1035 2201 1218 2244 saltem
1245 2201 1453 2244 duabus
1479 2200 1718 2245 faciebus
1745 2200 1926 2244 omnia
1948 2199 2253 2254 suppeditet,
2282 2210 2403 2253 quae

191 2272 261 2316 de
285 2273 398 2315 tota
426 2269 680 2315 Dodtrina
704 2271 859 2315 Primi
888 2272 1100 2317 mobilis
1123 2272 1262 2316 tradi
1290 2273 1510 2328 possunt‚
1542 2284 1769 2328 quaeque
1796 2271 1927 2315 alias
1953 2271 2006 2314 in
2033 2271 2263 2315 Globoso
2291 2282 2404 2314 cor-

193 2355 325 2399 pore
339 2343 483 2398 quod
496 2342 601 2387 hoc
617 2343 1025 2387 Instrumentum
1042 2344 1096 2388 in
1112 2345 1273 2400 plano
1294 2345 1652 2399 repraesentat,
1676 2344 1964 2388 commode
1984 2342 2234 2398 praestari.
2258 2343 2403 2386 Ideo-

195 2426 298 2470 que
318 2414 480 2458 etiam
499 2417 612 2458 rete
631 2415 899 2470 peculiare
917 2416 989 2459 illi
1010 2417 1208 2460 addere
1227 2417 1387 2468 lubet,
1410 2417 1451 2460 81
1471 2417 1524 2459 id
1544 2416 1828 2471 praecipuis
1849 2414 2001 2460 stellis
2015 2414 2134 2458 fixis
2148 2414 2400 2469 insignire,

193 2487 453 2543 longeque
475 2486 650 2530 adhuc
671 2487 924 2542 pluribus,
946 2500 1110 2542 quam
1126 2487 1353 2542 antiquis
1367 2488 1420 2531 in
1433 2488 1526 2531 usu
1541 2491 1707 2531 erant.
1730 2487 1886 2539 Quod
1900 2486 2037 2530 forte
2050 2485 2402 2529 Astrolabium

99 2563 182 2608 305·
194 2557 556 2602 inventionem
580 2558 726 2601 illam
752 2559 819 2602 de
846 2559 1001 2613 Roys‚
1030 2559 1071 2601 81
1098 2560 1323 2603 alteram
1351 2559 1527 2603 adhuc
1554 2560 1966 2614 plaufibiliorem
1990 2558 2235 2602 Gemmae
2259 2556 2399 2612 Frisij

98 2921 145 2957 35

193 2629 533 2685 postmodum
559 2628 855 2674 factitatam
884 2631 972 2674 sua
1000 2631 1237 2685 quadam
1263 2631 1648 2675 commoditate
1669 2631 1710 2674 δι
1730 2631 1899 2675 subtili
1924 2630 2130 2673 ratione
2150 2640 2403 2684 exupera-

194 2701 284 2753 bit,
312 2704 471 2755 atque
498 2701 674 2744 adhuc
700 2701 1044 2746 universalius
1071 2701 1266 2746 existet.
1294 2703 1397 2746 Sed
1424 2703 1577 2747 nobis
1602 2701 1858 2746 hactenus
1879 2702 1948 2746 ob
1971 2702 2200 2745 aliorum
2220 2700 2403 2743 Instru-

194 2775 500 2816 mentorum
521 2771 909 2817 confectionem
925 2773 966 2816 81
979 2774 1314 2829 negotiorum
1334 2775 1536 2818 molem
1557 2774 1920 2825 multifariam,
1943 2772 2275 2828 oportunitas
2294 2783 2402 2815 non

194 2844 322 2887 data
341 2843 413 2888 est
430 2845 538 2887 tale
556 2844 911 2888 Astrolabium
931 2845 1301 2889 concinnandi.
1330 2846 1486 2898 Quod
1510 2846 1672 2889 etiam
1692 2857 1756 2889 eo
1777 2845 2021 2889 libentius
2046 2842 2299 2886 infectum
2326 2854 2403 2886 re-

194 2915 463 2971 liquimus;
491 2915 746 2970 siquidem
766 2915 898 2959 Vsus
917 2915 1029 2961 eius
1050 2916 1293 2960 Siderum
1319 2921 1499 2962 motus
1525 2918 1567 2961 δι
1591 2919 1713 2962 loca
1738 2929 1848 2962 non
1872 2916 2084 2972 proprie
2111 2915 2152 2957 81
2178 2914 2401 2969 praecise

194 2987 449 3042 exploret,
481 2987 569 3030 sed
587 2988 704 3043 jam
731 2988 943 3032 aliunde
968 2992 1097 3032 nota
1122 2988 1222 3033 esse
1248 2989 1644 3045 praesupponat;
1674 2992 1791 3033 tum
1821 3000 2034 3044 quoque
2061 2987 2204 3042 quod
2231 2986 2401 3030 stellas

193 3058 347 3110 fixas,
375 3057 565 3113 quibus
590 3058 816 3114 insigniri
840 3060 1036 3112 debuit,
1064 3071 1173 3105 non
1198 3061 1509 3105 omnimode
1536 3064 1694 3104 antea
1721 3061 2008 3105 secundum
2032 3058 2305 3114 propriam
2325 3069 2402 3100 re-

195 3128 512 3173 stitutionem
541 3131 846 3185 exploratas
874 3131 1240 3175 habuerimus:
1276 3143 1398 3186 quae
1424 3143 1550 3176 cum
1576 3143 1716 3176 nunc
1743 3131 2003 3176 beneficio
2031 3130 2221 3173 Divino
2248 3128 2400 3172 nobis

196 3198 381 3244 exacte
394 3201 645 3253 constent,
667 3213 775 3246 non
789 3201 1003 3246 difficile
1017 3202 1130 3255 erit,
1152 3203 1346 3258 adepto
1362 3204 1577 3258 aliquali
1590 3204 1698 3248 otio
1713 3203 2034 3248 eiuscemodi
2046 3201 2399 3245 Astrolabium

196 3272 517 3317 construere:
548 3273 840 3327 praesertim
869 3284 994 3317 cum
1022 3273 1238 3317 laminae
1268 3273 1620 3319 Orichalcicae
1648 3276 1702 3318 in
1730 3287 1824 3319 eos
1851 3275 1972 3318 usus
2002 3274 2144 3325 olim,
2174 3272 2250 3316 uti
2275 3271 2397 3323 dixi,

195 3346 527 3398 comparatae
547 3356 710 3400 penes
729 3356 817 3388 me
837 3345 1013 3388 adhuc
1034 3344 1211 3399 aliqua
1232 3356 1299 3388 ex
1318 3349 1470 3399 parte
1490 3346 1881 3390 conserventur.

342 3416 407 3452 13*
2290 3418 2397 3469 DE
