2638 3952
67 452 162 496 133r

98 1228 139 1263 10

97 1614 138 1648 15

93 1999 139 2034 20

92 2386 138 2421 25

94 3158 140 3193 35

402 307 1013 363 ASTRONOMIAE
1040 305 1606 359 INSTAURATAE
1634 306 2181 359 MECHANICA
2320 307 2387 358 45

718 451 1267 514 EXPLICATIO
1298 450 1722 512 FABRICAE
1751 450 1865 511 ET

1172 551 1412 612 VSVS.

543 1064 561 1086 “
650 1063 794 1118 quod
825 1063 953 1107 olim
984 1062 1160 1107 fuerat
1190 1062 1623 1117 incomparabilis
1655 1063 1789 1107 illius
1819 1063 2116 1118 Copernici;
2151 1063 2393 1118 adeoque

187 1141 342 1197 ipsius
362 1140 608 1184 manibus
628 1140 721 1198 (uti
741 1139 1037 1198 dicebatur)
1056 1139 1412 1183 elaboratum:
1443 1141 1587 1195 quod
1609 1140 1739 1184 mihi
1759 1141 1901 1184 dono
1922 1140 2127 1184 missum
2148 1139 2218 1184 est
2239 1152 2271 1183 a
2291 1140 2394 1185 Do-

188 1218 332 1262 mino
349 1217 585 1262 Iohanne
601 1217 902 1269 Hannovio,
922 1216 1191 1261 Canonico
1206 1217 1536 1270 Warmienfi‚
1551 1218 1642 1261 ubi
1656 1221 1814 1262 antea
1827 1217 2034 1261 vixerat
2048 1218 2390 1273 Copernicus:

188 1296 321 1339 Cum
342 1306 483 1339 anno
508 1294 635 1339 1584.
664 1295 934 1350 quendam
954 1306 983 1338 e
1004 1294 1236 1338 studiosis
1258 1294 1391 1338 meis
1410 1294 1464 1337 in
1484 1295 1744 1352 exercitijs
1763 1294 2141 1339 Astronomicis
2168 1295 2298 1338 mihi
2323 1295 2394 1338 in-

188 1372 529 1417 servientibus
555 1384 680 1417 cum
700 1372 951 1416 Sextante
977 1372 1047 1415 ad
1072 1371 1230 1415 instar
1255 1372 1382 1428 ejus,
1412 1371 1502 1427 qui
1524 1372 1680 1417 tertio
1705 1373 1825 1417 loco
1848 1372 2080 1427 superius
2101 1372 2392 1416 elucidatus

187 1450 274 1502 est,
296 1461 361 1495 eo
383 1449 712 1506 ablegassem‚
734 1452 792 1493 ut
813 1448 1173 1493 Elevationem
1193 1449 1314 1502 PoIi,
1343 1449 1431 1504 qui
1451 1449 1709 1494 Warmiae
1730 1449 1816 1502 est,
1838 1447 2169 1502 exacstissime‚
2197 1450 2301 1494 hoc
2321 1450 2393 1494 in·

186 1527 535 1572 termediante
555 1526 898 1571 dimetiretur.
927 1526 1244 1582 Suspicabar
1269 1526 1409 1570 enim
1434 1526 1536 1570 tria
1558 1527 1801 1582 proxime
1821 1527 2026 1570 minuta
2044 1527 2097 1570 in
2118 1527 2393 1582 Copernici

187 1605 331 1650 circa
359 1605 500 1649 hanc
530 1604 897 1649 observatione
922 1604 1225 1656 desiderari3
1257 1604 1322 1647 de
1352 1615 1458 1659 quo
1484 1608 1662 1649 motus
1689 1604 1838 1656 Solis,
1869 1605 1910 1648 δι
1940 1604 2239 1660 Ecclipticae
2270 1605 2394 1649 obli-

188 1683 360 1738 quitas
380 1682 619 1726 maxima
639 1682 790 1726 aliter
810 1681 860 1725 se
879 1681 1146 1734 habentia,
1175 1693 1338 1736 quam
1360 1681 1516 1737 ipsius
1537 1682 1867 1737 suppeditant
1893 1684 2115 1735 numeri,
2142 1693 2230 1726 me
2250 1693 2394 1726 com-

187 1760 604 1804 monefecerunt.
633 1759 790 1812 Quod
809 1759 850 1802 ἃ
871 1759 979 1815 ipsa
1005 1759 1344 1814 experientia,
1372 1759 1444 1802 ita
1466 1759 1516 1803 se
1536 1759 1734 1804 habere
1756 1759 2142 1815 comprobavit.
2172 1760 2392 1804 Inventa

188 1837 259 1882 est
278 1838 420 1882 enim
439 1849 562 1882 meo
584 1837 797 1893 Organo
817 1849 884 1881 ex
903 1836 1141 1892 plurimis
1166 1839 1281 1880 tam
1301 1837 1371 1880 ad
1390 1837 1527 1881 fixas
1551 1849 1714 1892 quam
1735 1837 1913 1881 Solem
1939 1837 2131 1881 habitis
2158 1838 2394 1881 animad-

187 1916 527 1968 versionibus,
548 1915 655 1960 Poli
674 1915 819 1959 isthic
841 1914 1128 1959 sublimitas
1148 1914 1379 1969 partium
1399 1914 1472 1958 54.
1491 1915 1561 1958 M.
1577 1915 1674 1962 22÷.
1698 1915 1787 1959 Uti
1806 1915 1960 1959 latius
1981 1927 2013 1958 a
2032 1915 2185 1959 nobis
2205 1915 2258 1958 in
2276 1915 2393 1958 Pro-

188 1993 616 2049 gymnasmatum
634 1992 1126 2036 Astronomicorum
1145 1992 1312 2036 Tomo
1340 1992 1513 2047 primo
1540 1992 1732 2048 pagina
1750 1992 1823 2035 34.
1853 1993 1893 2035 81
1920 1992 2151 2047 sequenti
2178 1993 2393 2036 demon-

188 2071 406 2115 stratum
432 2070 523 2114 est:
556 2082 661 2124 quo
687 2069 741 2113 in
766 2071 886 2114 loco
915 2069 1117 2114 caussas
1146 2070 1318 2124 lapsus
1346 2069 1621 2124 Copernici
1646 2069 1699 2113 in
1725 2073 1876 2113 motu
1902 2069 2035 2113 Solis
2065 2081 2172 2114 non
2200 2069 2296 2113 rite
2323 2071 2390 2113 ab

187 2147 296 2203 ipso
310 2147 665 2202 redintegrato
680 2146 911 2191 ostendo.
927 2146 1306 2201 Praesupposuit
1316 2158 1445 2190 vero
1459 2146 1779 2201 Copernicus
1793 2148 1904 2203 ejus
1917 2147 2022 2191 loci
2037 2147 2391 2190 Latitudinem

188 2236 255 2268 ex
282 2224 371 2268 sua
397 2224 766 2268 observatione
791 2227 926 2279 part.
951 2224 1024 2267 54.
1055 2223 1125 2266 Μ.
1156 2223 1247 2270 19ὲ.
1277 2223 1542 2267 Deficiunt
1567 2223 1720 2279 igitur
1746 2224 1888 2279 apud
1913 2224 2082 2279 ipsum
2109 2224 2176 2268 ab
2204 2223 2391 2267 exacta

188 2304 378 2346 norma
403 2301 431 2345 3
460 2302 663 2345 minuta
693 2301 868 2345 minus
895 2301 936 2348 {t
967 2302 1123 2356 plane
1153 2304 1310 2344 antea
1339 2312 1405 2344 ex
1433 2300 1588 2356 ipsius
1619 2301 1943 2345 Dedomenis
1970 2302 2011 2345 8ι
2039 2299 2392 2356 superstructis

187 2379 422 2423 numeris
443 2379 586 2423 circa
606 2378 847 2423 Solarem
866 2381 1075 2422 motum
1096 2378 1425 2434 colligebam.
1456 2379 1706 2422 Reversus
1727 2382 1906 2422 autem
1927 2379 1996 2422 ad
2016 2390 2104 2421 me
2125 2378 2392 2423 Studiosus

187 2456 271 2500 ille
295 2468 463 2509 meus,
490 2468 599 2501 non
624 2457 808 2500 saltem
834 2456 1143 2508 sextantem,
1173 2468 1332 2511 quem
1357 2455 1700 2508 tradideram,
1729 2456 1875 2500 omni
1900 2459 2051 2511 parte
2076 2456 2296 2500 illaesum
2315 2467 2393 2499 re-

188 2534 434 2589 portavit,
458 2534 545 2577 sed
563 2534 668 2578 hoc
690 2535 916 2578 alterum
931 2533 1316 2589 Coperniceum
1328 2533 1700 2577 Parallaticum
1719 2534 1850 2577 mihi
1870 2533 1938 2577 ab
1959 2545 2040 2586 eo,
2063 2534 2129 2577 de
2147 2545 2252 2588 quo
2268 2533 2389 2585 dixi,

189 2611 474 2664 canonico,
497 2612 638 2656 dono
659 2611 866 2656 missum
886 2611 1071 2655 attulit.
1101 2611 1272 2663 Quod,
1295 2623 1458 2665 quam
1478 2611 1710 2666 primum
1731 2611 1999 2666 conspexi;
2027 2614 2144 2654 utut
2162 2610 2391 2667 ligneum

189 2688 324 2741 esset‚
357 2692 515 2744 atque
539 2689 652 2732 usui
676 2689 927 2741 inhabile;
958 2689 1031 2732 ita
1059 2692 1243 2732 tamen
1269 2688 1468 2743 placuit
1494 2688 1562 2732 ob
1591 2689 1911 2732 memoriam
1937 2689 2070 2732 tanti
2096 2688 2327 2740 artificis,
2360 2701 2391 2732 a

189 2777 295 2820 quo
316 2764 618 2810 confectum
638 2766 923 2818 ferebatur,
950 2769 1007 2809 ut
1033 2777 1121 2809 me
1141 2765 1412 2810 continere
1431 2765 1777 2820 nequiverim,
1807 2766 1931 2821 quin
1951 2764 2187 2810 actutum
2209 2765 2392 2810 Heroi-

190 2854 314 2887 cum
332 2843 574 2896 Carmen,
598 2844 741 2899 quod
760 2843 812 2886 in
832 2842 1177 2899 Epistolarum
1190 2842 1680 2887 Astronomicarum
1693 2843 1861 2887 Tomo
1882 2843 2057 2888 nostro
2077 2843 2250 2899 primo
2271 2855 2388 2898 pag.

188 2920 290 2963 295.
314 2924 472 2975 atque
493 2921 726 2976 sequenti
744 2921 1017 2976 reperitur,
1046 2920 1440 2965 concinnarem.
1471 2920 1609 2972 Quin
1629 2921 1670 2964 81
1689 2922 1850 2976 paulo
1870 2921 1981 2976 post
2002 2921 2071 2964 ad
2092 2921 2202 2976 eJus
2224 2919 2391 2963 imita-

188 2997 388 3042 tionem
418 2999 690 3053 quoddam
721 2998 862 3042 aliud
892 2997 1236 3042 Orichalcicis
1267 2997 1476 3041 laminis
1504 2996 1776 3041 inductum
1806 2998 2027 3042 confieri
2055 2997 2172 3049 feci,
2205 2997 2391 3052 paucis

190 3074 502 3129 quibusdam
529 3074 910 3120 commodioris
932 3075 1065 3119 Usus
1090 3075 1257 3131 gratia
1283 3074 1499 3118 mutatis
1526 3075 1568 3118 81
1594 3075 1959 3130 superadditis:
1989 3075 2145 3130 quale
2170 3075 2274 3119 hoc
2302 3074 2388 3126 est,

190 3153 333 3206 quod
352 3152 438 3196 hic
458 3152 879 3207 repraesentatur.
902 3152 1136 3208 Suntque
1154 3155 1262 3196 tres
1282 3152 1478 3207 regulae
1492 3151 1601 3195 DE.
1619 3152 1660 3194 81
1674 3152 1769 3195 EF.
1787 3153 1828 3195 &
1843 3152 1949 3195 FD.
1970 3163 2198 3207 quarum
2217 3151 2390 3207 prima

190 3241 311 3283 quae
325 3229 504 3273 versus
517 3229 701 3273 Zenith
722 3229 974 3274 attollitur
987 3229 1097 3282 ED,
1118 3229 1280 3272 habet
1300 3228 1533 3284 superius
1554 3229 1714 3272 aliam
1728 3230 1881 3285 juxta
1898 3229 1944 3272 D
1961 3229 2051 3273 fibi
2066 3228 2388 3280 associatam,

190 3308 349 3360 atque
365 3306 417 3349 in
433 3306 584 3350 tereti
598 3306 881 3351 Orichalco
903 3306 1311 3350 convolubilem.
1334 3305 1569 3361 Suntque
1590 3306 1768 3350 ambae
1788 3307 2019 3363 eJusdem
2039 3304 2387 3361 longitudinis,

190 3393 382 3438 nempe
408 3383 658 3438 quaelibet
683 3386 913 3438 quatuor
938 3383 1255 3435 cubitorum,
1286 3382 1451 3426 modo
1482 3383 1759 3438 superioris
1788 3383 2057 3439 longitudo
2087 3383 2328 3438 capiatur
2357 3394 2388 3425 a

2222 3462 2390 3515 litera
