2638 3952
86 1090 129 1125 10

86 1445 129 1481 15

82 1724 129 1836 84

83 2512 130 2548 30

102 2720 131 2763 ’1-

85 2868 132 2904 35

382 300 994 356 ASTRONOMIAE
1020 300 1587 354 INSTAURATAE
1613 301 2165 355 MECHANICA
2322 302 2379 354 31

177 442 280 487 Vbi
298 443 451 499 juxta
469 443 498 485 5
518 442 559 484 ἃ
579 441 622 494 8,
650 441 846 485 mensae
874 440 1003 492 sunt,
1032 439 1221 494 quibus
1242 441 1446 484 studiofi
1467 440 1573 483 mei
1592 440 1943 484 Astronomici
1964 440 2099 484 inter
2121 442 2383 485 calculan-

179 515 307 558 dum
326 514 410 557 vel
432 512 535 557 alia
560 513 665 556 huc
688 510 974 567 spectantia
993 512 1258 567 agendum
1280 511 1495 555 assidere
1516 511 1661 555 soliti.
1689 511 1848 554 Erant
1869 514 2048 555 autem
2069 512 2121 554 in
2140 511 2249 567 ipso
2272 512 2384 555 Mu-

178 586 284 630 saeo
308 585 443 629 tales
469 583 666 627 mensae
684 583 728 627 4.
751 583 1002 627 Solebam
1027 582 1169 626 enim
1195 582 1401 638 semper
1426 583 1496 625 ad
1522 582 1803 625 minimum
1827 582 1856 625 6
1875 583 1960 626 vel
1983 582 2012 625 8
2034 582 2300 626 interdum
2330 583 2382 626 10

177 657 263 701 vel
287 656 355 700 12.
376 656 511 699 tales
532 654 812 698 sustentare
833 654 1099 706 studiosos,
1125 654 1478 708 undecunque
1500 653 1722 697 accitos:
1751 656 1947 708 praeter
1971 665 2166 708 pueros
2192 654 2233 697 81
2253 654 2384 709 juni-

179 739 300 772 ores
325 725 646 772 eiuscemodi
666 725 975 780 Discipulos.
1005 725 1148 768 Intra
1173 725 1272 768 has
1298 725 1507 768 mensas
1527 724 1759 768 cernitur
1778 725 1920 779 apud
1940 724 1968 767 6
1989 726 2031 768 7.
2053 724 2166 779 post
2186 726 2384 769 colum-

177 811 321 852 nam,
342 799 396 842 in
415 797 593 841 medio
608 796 792 840 Musaei
811 795 1024 840 rotundi
1044 795 1395 848 constitutam,
1418 795 1619 839 Globus
1635 795 1721 838 ille
1738 795 2005 839 maximus
2020 795 2383 839 Orichalcicus

177 870 206 914 6
230 870 429 925 pedum
454 869 508 912 in
533 868 825 919 Diametro‚
857 878 1017 922 quem
1042 866 1221 922 postea
1249 867 1339 911 suo
1365 868 1486 911 loco
1513 866 1881 910 exhibebimus
1907 866 1948 909 81
1975 867 2381 911 declarabimus.

176 941 414 985 Tandem
445 939 583 983 infra
614 939 734 983 haec
767 938 948 983 omnia
973 939 1125 995 juxta
1154 949 1407 982 numeros
1432 937 1476 982 9.
1509 938 1576 981 10.
1609 938 1677 981 11.
1709 936 1969 992 spectatur
1997 938 2383 982 laboratorium

177 1024 359 1056 meum
381 1010 714 1066 Chymicum‚
742 1010 886 1065 quod
911 1012 1084 1053 totum
1112 1009 1511 1053 subterraneum
1538 1010 1579 1052 8ι
1606 1009 1906 1063 crypticum
1932 1012 2068 1052 erat:
2096 1009 2150 1052 in
2176 1020 2281 1063 quo
2312 1009 2380 1053 16.

177 1083 306 1140 varij
329 1082 532 1139 generis
552 1082 593 1125 δι
613 1081 805 1126 formae
827 1081 1153 1125 adornaram
1173 1080 1419 1124 fornaces
1433 1080 1829 1135 Pyronomicas.
1852 1079 1992 1123 Nam
2013 1081 2054 1123 ἃ
2073 1080 2196 1123 huic
2217 1080 2383 1124 studio

177 1154 430 1210 impense,
466 1154 533 1198 ab
565 1153 778 1197 ineunte
809 1153 972 1196 etiam
1004 1154 1179 1204 aetate,
1212 1163 1321 1195 non
1350 1152 1525 1195 minus
1555 1163 1718 1206 quam
1747 1151 2115 1195 Astronomico
2145 1150 2383 1195 addictus

177 1225 272 1278 fui3
294 1227 595 1281 magnaque
614 1223 894 1280 diligentia,
916 1235 1014 1267 nec
1035 1223 1213 1278 parvis
1234 1222 1525 1278 sumptibus
1539 1223 1592 1266 id
1606 1222 1829 1266 excolui.
1851 1222 2048 1267 Vltimo
2057 1224 2208 1279 juxta
2222 1224 2384 1279 pedes

178 1308 330 1341 meos
350 1296 493 1352 apud
512 1307 796 1340 numerum
820 1295 888 1338 12.
910 1294 1175 1339 recumbit
1195 1294 1350 1338 Canis
1371 1294 1589 1349 quidam
1609 1306 1639 1338 e
1659 1294 1844 1338 nostris
1863 1294 2154 1347 venaticus,
2183 1295 2271 1349 qui
2298 1295 2385 1338 ad-

176 1368 402 1412 modum
420 1367 559 1411 fidus
579 1368 621 1411 ἃ
641 1367 800 1423 sagax
819 1369 948 1410 erat.
974 1366 1129 1421 Isque
1147 1365 1202 1409 in
1221 1367 1286 1409 ea
1306 1365 1483 1410 forma
1503 1366 1544 1408 81
1565 1365 1856 1420 quantitate
1877 1363 2128 1420 depictus,
2152 1367 2257 1420 qua
2278 1378 2386 1410 cer-

177 1439 423 1483 nebatur:
451 1449 560 1482 non
577 1441 691 1482 tam
712 1437 1028 1490 Nobilitatis‚
1057 1449 1220 1492 quam
1241 1436 1539 1492 sagacitatis
1559 1437 1600 1480 8ι
1619 1436 1884 1480 fidelitatis
1908 1436 2382 1492 hieroglyphicum.

177 1510 368 1566 Sicque
387 1508 650 1565 picturam
668 1509 985 1562 universam,
1007 1512 1268 1564 quatenus
1287 1508 1341 1551 in
1358 1511 1473 1551 tam
1493 1510 1662 1563 parva
1682 1507 1859 1551 forma
1878 1508 2073 1551 imitari
2086 1520 2210 1552 eam
2223 1508 2382 1561 licuit,

178 1581 408 1625 breviter
433 1581 726 1636 expositam
752 1580 941 1624 habes:
971 1592 1134 1635 quam
1153 1582 1261 1624 tres
1281 1579 1467 1623 diverfi
1489 1579 1530 1622 81
1550 1580 1867 1623 excellentes
1886 1579 2130 1623 Artifices
2150 1579 2280 1623 mihi
2300 1580 2384 1624 de-

176 1652 471 1708 pinxerunt.
494 1651 732 1707 EffigIem
746 1663 926 1696 meam
941 1651 1269 1707 Augustanus
1282 1651 1384 1703 ille,
1406 1651 1473 1694 de
1488 1662 1593 1706 quo
1610 1650 1732 1703 dixi,
1753 1649 1937 1705 pictor,
1958 1650 2384 1695 Architectonica

177 1723 286 1776 ista,
319 1724 361 1767 δι
394 1735 514 1779 quae
545 1722 628 1767 his
657 1723 1216 1778 compraehenduntur,
1248 1720 1580 1766 Architectus
1610 1733 1762 1765 meus
1792 1722 2055 1766 Iohannes
2085 1723 2152 1765 de
2180 1722 2385 1766 Embda

178 1794 497 1839 Stenwichel
517 1793 735 1839 effinxit.
759 1793 893 1846 Quae
907 1795 1037 1838 vero
1053 1794 1207 1849 supra
1227 1793 1314 1836 illa
1333 1793 1492 1837 instar
1507 1792 1867 1848 descriptionis
1882 1793 2168 1848 Regionum
2182 1793 2224 1836 8ι
2238 1804 2385 1837 mon·

175 1866 324 1919 tium,
340 1866 431 1910 ubi
444 1865 606 1910 etiam
620 1865 709 1910 Sol
724 1865 968 1910 occidere
983 1865 1176 1917 visitur,
1193 1863 1399 1919 depitsta
1414 1865 1544 1916 sunt,
1560 1864 1824 1908 Iohannes
1839 1865 1905 1907 de
1915 1864 2203 1919 Antverpia
2217 1862 2386 1919 pictor

178 1937 361 1993 Regius
376 1937 871 1992 Coronaeburgenfis
892 1935 1146 1992 apposuit.
1170 1935 1398 1988 Quilibet
1417 1935 1560 1980 enim
1580 1947 1647 1979 ex
1667 1934 1814 1979 dictis
1834 1935 2001 1979 tribus
2022 1935 2312 1979 artificibus
2330 1934 2384 1978 in

176 2009 282 2054 hoc
307 2009 433 2064 ipso,
462 2009 606 2063 quod
629 2007 847 2061 fecerat,
874 2020 988 2063 prae
1015 2007 1222 2051 caeteris
1249 2007 1508 2051 excelluit.
1538 2007 1770 2051 Demum
1791 2006 2024 2062 superius
2041 2006 2193 2062 juxta
2214 2006 2292 2050 RS
2313 2005 2384 2050 est

179 2079 368 2136 effigiei
388 2080 430 2123 81
447 2079 608 2124 totius
627 2077 847 2135 picsturae
866 2078 1148 2134 inscriptio,
1169 2082 1328 2134 prout
1345 2078 1508 2122 vides.

248 2150 415 2195 VSVS
435 2151 591 2195 huius
610 2150 832 2194 maximi
847 2149 1168 2203 Quadrantis
1188 2149 1260 2194 est
1278 2150 1331 2193 in
1347 2149 1603 2194 rimandis
1618 2149 2000 2193 accuratissime
2014 2149 2259 2193 Siderum
2273 2149 2384 2192 sub-

178 2222 485 2267 limitatibus
504 2222 641 2266 intra
661 2222 863 2266 sextam
886 2222 1040 2266 unius
1060 2221 1249 2265 minuti
1267 2223 1492 2276 partem,
1514 2221 1874 2265 collimatione
1894 2219 2035 2264 facta
2054 2231 2150 2275 per
2169 2220 2385 2275 aliquod

178 2293 602 2350 pinnacidiorum
622 2305 651 2337 e
670 2293 863 2337 rimula
884 2292 1149 2348 superiore
1173 2293 1214 2336 81
1237 2292 1484 2336 inferiore
1505 2292 1657 2348 juxta
1678 2292 1909 2347 Cylindri
1934 2294 2195 2346 utranque
2222 2291 2385 2335 etiam

178 2364 664 2410 circumferentiam
690 2364 830 2409 hisce
851 2365 1156 2420 analogam:
1178 2364 1220 2407 ἃ
1239 2363 1574 2407 numerando
1594 2363 1762 2418 ipsam
1780 2363 2124 2407 Altitudinem
2143 2362 2196 2406 in
2216 2362 2386 2417 super-

177 2436 298 2481 ficie
313 2436 635 2489 Quadrantis
648 2435 910 2481 exteriore
925 2435 1069 2491 apud
1087 2435 1314 2490 pofitum
1334 2434 1567 2478 eiusdem
1586 2434 1886 2490 pinnacidij.
1908 2434 2073 2478 Potest
2093 2434 2255 2478 etiam
2275 2445 2386 2477 mo-

179 2511 419 2552 mentum
432 2507 677 2551 transitus
690 2519 786 2563 per
800 2507 1156 2551 Meridianum
1170 2518 1277 2550 una
1292 2507 1359 2550 ab
1377 2509 1604 2561 utroque
1624 2507 1805 2559 latere,
1826 2509 1942 2549 tam
1960 2505 2385 2561 pinnacidiorum

179 2591 343 2634 quam
363 2578 596 2634 Cylindri
619 2578 806 2623 haberi
830 2577 1321 2622 intermediantibus
1347 2577 1633 2634 horologijs
1654 2577 1934 2625 accuratis.
1963 2577 2029 2621 de
2053 2576 2241 2631 quibus
2262 2575 2385 2618 dixi-

179 2662 314 2695 mus.
343 2650 630 2703 Quomodo
649 2661 779 2694 vero
800 2661 868 2693 ex
887 2649 1013 2693 data
1032 2649 1316 2693 Altitudine
1336 2649 1378 2692 81
1399 2652 1674 2692 momento
1694 2648 1966 2703 temporis,
1995 2660 2100 2703 quo
2122 2648 2259 2690 fidus
2280 2647 2386 2690 Me-

178 2721 444 2765 ridianum
468 2721 665 2774 transit,
695 2720 931 2765 adhibito
951 2723 1103 2765 motu
1123 2719 1274 2772 Solis,
1301 2719 1414 2764 eius
1433 2721 1583 2764 locus
1605 2719 1818 2771 constet,
1846 2718 2173 2763 Astronomis
2198 2721 2385 2762 notum

180 2792 266 2837 est.
294 2793 530 2837 Confisus
550 2792 663 2836 sum
683 2791 971 2847 plurimum
996 2791 1120 2835 huic
1142 2791 1435 2843 Quadranti
1454 2790 1509 2834 in
1527 2790 1843 2834 restituendo
1863 2793 2014 2834 motu
2034 2789 2167 2834 Solis
2187 2801 2255 2833 ex
2274 2789 2386 2848 eius

180 2862 550 2908 Altitudinibus
577 2863 898 2915 Meridianis‚
926 2862 1213 2906 intromissa
1239 2861 1471 2917 Cylindri
1495 2862 1689 2905 umbra
1716 2862 1978 2916 quadrata
2003 2861 2057 2904 in
2080 2860 2386 2904 interiorem

321 2937 530 2989 partem
562 2934 784 2979 alicuius
815 2946 845 2979 e
875 2933 1188 2990 pinnacidijs
1219 2933 1273 2977 in
1305 2933 1566 2988 quadrata
1598 2932 1760 2976 etiam
1791 2933 1960 2988 figura
1991 2932 2243 2976 umbram

464 3005 608 3050 illam
630 3006 699 3049 ad
719 3005 960 3049 amussim
979 3004 1272 3060 excipiente
1290 3005 1331 3048 δι
1350 3004 1850 3059 comprehendente.
1872 3003 2102 3047 Adhibui

607 3076 948 3121 nihilominus
961 3076 1002 3119 81
1018 3075 1150 3120 alios
1169 3087 1393 3131 magnos
1411 3075 1745 3127 Quadrantes
1759 3074 1818 3130 Jn
1838 3085 1960 3118 con-

751 3147 935 3200 filium,
953 3150 1012 3190 ut
1026 3158 1113 3190 res
1125 3149 1239 3190 tam
1255 3146 1448 3190 subtilis
1463 3145 1610 3190 omni
1623 3145 1817 3190 erroris

1012 3217 1301 3272 suspicione
1320 3220 1553 3261 vacaret.

1948 3427 2386 3493 QVADRANS
