2638 3952
398 289 1008 344 ASTRONOMIAE
1035 289 1603 344 INSTAURATAE
1629 289 2179 343 MECHANICA
2329 289 2387 342 81

57 431 168 476 D4‘
713 428 1272 497 EXPLICATIO
1302 435 1728 498 FABRICAE
1755 435 1869 497 ET

1171 543 1409 605 VSVS.

533 735 535 744 γ
665 680 942 724 ARARAM
963 691 1093 725 vero
1107 681 1222 737 jam
1243 684 1416 734 antea,
1438 692 1563 725 cum
1580 681 1634 724 in
1651 680 2003 725 adolescentia
2016 678 2259 735 Augustae
2273 679 2393 722 Vin-

559 769 608 830 53
666 764 959 807 delicorum
973 764 1026 807 in
1040 764 1306 819 superiore
1321 765 1608 808 Germania
1624 764 1929 819 aliquandiu
1948 774 2208 814 morarer,
2231 763 2392 805 simile

407 898 414 904 ,
468 842 507 905 ᾗῇ
547 864 567 871 x
666 847 939 901 quoddam
950 847 1359 891 Instrumentum
1370 848 1616 903 exlignea
1627 846 2044 892 tamenmateria
2056 845 2392 890 solummodo

364 917 367 919 ’
511 946 515 949 *
545 950 568 986 π,
603 969 607 971 μ
666 929 926 982 constans,
954 930 995 973 81
1023 930 1195 975 fulcro
1222 930 1540 984 destitutum,
1568 942 1693 975 cum
1716 931 1930 974 levitate
1950 930 2040 973 sua
2062 928 2192 972 alias
2211 931 2394 972 utcun-

416 1000 442 1035 0'
468 1005 486 1014 ”
505 1022 525 1033 '-
584 1028 605 1042 v
670 1024 772 1067 que
790 1011 1066 1057 tractabile
1086 1013 1221 1058 esset.
1250 1014 1310 1058 Id
1329 1026 1459 1058 vero
1478 1014 1600 1058 inde
1620 1014 1907 1066 discedenS‚
1935 1012 2263 1068 amplissimae
2283 1012 2394 1067 ejus

187 1094 326 1150 Reip.
361 1094 565 1138 Consuli
595 1095 756 1140 Paulo
790 1095 1066 1141 Hainzelio
1100 1097 1318 1152 optimae
1349 1098 1630 1142 memoriae
1663 1098 1860 1142 horum
1892 1096 2182 1141 studiorum
2215 1107 2395 1138 aman-

185 1178 374 1222 tissimo
401 1178 442 1221 81
467 1178 598 1222 mihi
623 1178 1019 1224 familiarissimo
1047 1181 1190 1225 dono
1217 1181 1418 1236 reliqui.
1448 1182 1686 1236 Cumque
1711 1181 1922 1225 reverso
1943 1179 2074 1223 mihi
2093 1179 2146 1222 in
2165 1178 2394 1222 Patriam

96 1268 139 1304 ιο
188 1272 330 1306 nova
354 1261 444 1305 illa
469 1261 510 1304 ἃ
536 1262 692 1318 supra
717 1263 941 1307 modum
968 1264 1286 1308 admiranda
1311 1264 1454 1309 stella
1481 1265 1695 1308 Coelitus
1720 1276 1850 1309 mox
1873 1263 2126 1315 illuxisset‚
2156 1273 2254 1317 pro
2284 1261 2395 1317 eJus

188 1344 451 1401 Distantijs
483 1358 515 1388 a
546 1345 732 1389 vicinis
764 1346 1049 1402 Cassiopeae
1081 1347 1235 1391 stellis
1266 1348 1518 1392 subtiliter
1549 1347 1863 1393 denotandis
1896 1347 2038 1391 aliud
2076 1344 2396 1402 ejuscemodi

187 1427 318 1472 mihi
347 1428 567 1473 confieri
595 1430 795 1473 curavi.
824 1430 981 1486 Cujus
1008 1430 1095 1474 hic
1120 1431 1304 1474 Ideam
1333 1431 1516 1476 habes.
1544 1433 1715 1476 Arcus
1743 1433 1871 1488 ejus,
1900 1430 1955 1474 in
1983 1441 2090 1485 quo
2119 1428 2396 1472 divisiones

188 1511 318 1564 sunt,
347 1511 646 1567 intelligitur
669 1523 766 1568 per
791 1513 890 1557 BC.
922 1513 1106 1569 Estque
1131 1514 1218 1558 hic
1246 1515 1582 1560 duodecimae
1608 1515 1793 1559 saltem
1818 1514 1982 1570 partis
2008 1513 2162 1556 unius
2189 1511 2394 1563 Circuli,

188 1595 294 1638 five
325 1594 603 1638 Graduum
634 1595 707 1639 30.
742 1607 806 1640 eo
839 1598 983 1651 quod
1014 1609 1111 1652 pro
1144 1598 1438 1642 minoribus
1471 1598 1750 1654 Distanti5s‚
1790 1598 1973 1652 quales
2003 1597 2092 1640 hae
2123 1598 2290 1647 erant,
2330 1595 2396 1637 de

98 1684 141 1719 15
189 1678 379 1732 quibus
405 1678 650 1731 diximus,
679 1679 747 1723 lic
774 1679 1058 1733 sufficeret3
1086 1692 1184 1725 nec
1211 1681 1301 1724 sua
1325 1682 1645 1737 longitudine
1666 1681 1840 1737 gravis
1861 1684 1953 1724 aut
1973 1678 2220 1724 molestus
2241 1678 2392 1722 foret.

187 1761 391 1805 Possunt
410 1761 748 1806 nihilominus
770 1763 853 1820 alij
877 1763 1038 1807 etiam
1051 1765 1223 1808 Arcus
1240 1764 1414 1808 eidem
1434 1765 1705 1820 applicari,
1728 1765 1832 1808 five
1854 1764 2139 1819 ampliores
2160 1763 2264 1805 five
2284 1762 2397 1805 bre-

188 1844 379 1898 viores,
404 1849 563 1900 prout
581 1846 822 1890 lubuerit.
846 1847 1038 1902 Regula
1058 1847 1150 1890 AB
1170 1848 1211 1891 8ι
1231 1848 1317 1891 AC
1330 1849 1482 1904 juxta
1501 1849 1547 1891 A
1567 1848 1817 1892 Centrum
1839 1846 2152 1903 conjunctae,
2174 1846 2215 1889 ἃ
2235 1845 2306 1889 ibi
2328 1846 2396 1888 ad

188 1927 419 1972 invicem
447 1929 826 1983 convolubiles,
856 1930 1129 1986 ipsamque
1159 1931 1648 1975 circumferentiam
1670 1932 1823 1988 juxta
1853 1932 1891 1974 B
1916 1931 1958 1974 ἃ
1984 1930 2022 1974 C
2051 1930 2394 1981 continentes,

190 2011 568 2067 longitudinem
590 2012 791 2057 habent
808 2012 837 2056 4
857 2013 1181 2067 cubitorum;
1209 2014 1539 2058 latitudinem
1564 2015 1726 2058 trium
1753 2015 2035 2070 digitorum
2055 2014 2096 2057 81
2118 2012 2398 2057 crassitudi-

95 2100 142 2136 20
191 2106 316 2138 nem
337 2095 581 2139 duorum.
604 2095 735 2139 Sunt
754 2096 895 2140 enim
916 2097 1311 2151 quadrilaterae;
1337 2098 1634 2142 constantes
1655 2110 1722 2142 ex
1740 2098 1878 2154 ligno
1900 2097 2140 2153 apprime
2161 2097 2298 2140 [icco
2319 2107 2398 2138 ar-

193 2178 336 2222 boris
369 2178 702 2233 Iuglandum:
738 2180 882 2234 quod
913 2181 1194 2224 mutationi
1226 2194 1292 2225 ex
1325 2181 1463 2225 aeris
1495 2181 1748 2236 qualitate
1781 2193 1943 2236 quam
1974 2180 2256 2223 minimum
2284 2190 2397 2234 prae

193 2261 401 2305 caeteris
430 2261 501 2305 est
530 2262 837 2306 obnoxium.
874 2263 978 2307 Ubi
1005 2276 1135 2308 vero
1166 2265 1373 2320 Regulae
1403 2265 1548 2308 circa
1575 2265 1621 2307 Α
1651 2265 1901 2308 Centrum
1930 2264 2261 2318 copulantur,
2293 2262 2399 2305 Me-

193 2344 371 2388 tallico
386 2345 558 2397 clavo,
574 2345 837 2389 foramine
852 2347 1013 2390 etiam
1028 2347 1069 2389 81
1082 2350 1194 2391 tota
1210 2350 1524 2392 contextura
1539 2348 1804 2391 laminulis
1818 2347 1980 2391 aeneis
1996 2346 2395 2390 conMantur.

193 2428 364 2471 Arcus
389 2427 495 2482 ipre
519 2428 679 2472 solide
705 2429 777 2473 est
802 2430 1119 2474 metallicus:
1148 2442 1255 2475 non
1279 2434 1463 2475 tamen
1487 2431 1643 2475 nimis
1670 2431 1865 2475 crassus
1890 2434 1980 2474 aut
2001 2431 2154 2481 latus,
2182 2440 2248 2472 ne
2274 2439 2400 2483 pon-

100 2516 147 2551 25
196 2511 322 2554 dere
346 2514 560 2555 noceat:
589 2512 718 2555 dum
744 2513 812 2556 fic
840 2518 1076 2565 cavetur,
1105 2515 1446 2566 alterationis,
1474 2515 1561 2558 cui
1585 2514 1757 2571 lignea
1783 2513 2009 2558 materia
2036 2513 2282 2568 subjacet,
2311 2512 2400 2555 ob-

196 2592 467 2637 staculum.
494 2594 795 2639 Pinnacidia
821 2597 964 2651 apud
984 2597 1068 2639 BC
1088 2597 1251 2641 etiam
1271 2598 1385 2641 sunt
1405 2598 1756 2650 Orichaleica‚
1784 2599 1827 2641 81
1851 2598 1924 2640 ita
1951 2597 2220 2651 adaptata,
2247 2598 2305 2638 ut
2330 2595 2401 2637 in-

194 2676 356 2720 terius
370 2688 558 2720 eorum
578 2679 716 2722 latus
734 2679 968 2723 interiori
982 2691 1194 2735 quoque
1209 2682 1524 2736 Regularum
1545 2681 1836 2736 superficiei
1854 2680 2079 2736 praecise
2099 2678 2401 2733 correspon-

197 2759 340 2803 deat:
363 2760 405 2803 ἃ
424 2760 492 2804 ab
514 2762 679 2804 altera
699 2765 851 2817 parte
870 2762 1104 2807 inferiori
1123 2764 1347 2808 cochlea
1367 2764 1453 2816 est,
1476 2766 1580 2819 qua
1600 2764 1962 2820 pinnacidium
1976 2763 2173 2807 mobile
2186 2759 2400 2817 perac‘ta

197 2841 564 2887 observatione
589 2844 850 2897 firmatur,
879 2846 1049 2890 donec
1075 2847 1376 2891 numeratio
1397 2848 1449 2890 in
1468 2848 1634 2891 limbo
1652 2846 1796 2891 facta
1817 2848 1889 2891 fit.
1918 2846 2056 2899 Quin
2075 2847 2117 2889 81
2137 2845 2242 2889 alia
2262 2856 2402 2899 quae-

103 2929 150 2965 30
198 2925 326 2968 dam
353 2926 581 2982 oblonga
606 2928 830 2972 cochlea
849 2929 1002 2984 Juxta
1029 2930 1137 2982 DE,
1169 2933 1330 2982 extat,
1362 2931 1511 2987 cujus
1538 2931 1796 2975 beneficio
1824 2931 2045 2985 angulus
2072 2927 2402 2972 Instrumenti

199 3008 330 3051 ΒΑΕ
356 3009 688 3053 contrahitur
712 3011 753 3053 ἃ
778 3012 1065 3064 relaxatur,
1092 3016 1250 3068 prout
1276 3013 1433 3069 exigit
1455 3014 1799 3070 intercapedo
1826 3012 2163 3057 dimetienda.
2195 3012 2255 3054 Et
2282 3011 2402 3054 licet

197 3090 318 3135 haec
339 3091 562 3135 cochlea
582 3093 636 3136 in
655 3092 914 3137 directum
933 3099 1035 3147 eat,
1056 3096 1222 3150 potest
1241 3096 1581 3140 nihilominus
1602 3097 1848 3140 circulari
1868 3094 2061 3147 ductui,
2083 3095 2171 3149 qui
2185 3094 2245 3137 fit
2258 3094 2402 3138 circa

200 3173 294 3217 DE
320 3174 475 3230 supra
498 3178 742 3219 centrum
760 3177 806 3219 A
826 3177 1085 3221 sufficere:
1115 3190 1240 3222 cum
1267 3179 1335 3223 ab
1363 3179 1529 3223 altera
1556 3183 1723 3234 parte,
1750 3179 1841 3223 ubi
1869 3179 2119 3222 matrices
2144 3178 2322 3228 habet,
2350 3177 2403 3219 in

107 3290 115 3294 .
132 3290 138 3293 .
200 3257 730 3303 claviculisrotundis
750 3260 1113 3304 convolubiles
1132 3262 1402 3314 exhibeat3
1423 3265 1583 3317 prout
1595 3262 1649 3306 in
1663 3261 1995 3306 antecedenti
2009 3261 2169 3304 etiam
2185 3261 2404 3303 infinua-

106 3345 153 3381 35
201 3339 390 3383 vimus.
413 3340 551 3392 Quin
570 3342 612 3386 ἃ
631 3341 769 3386 intra
786 3343 927 3386 hanc
943 3343 1228 3387 cochleam
1248 3345 1427 3388 versus
1448 3345 1699 3389 Centrum
1722 3346 1878 3389 oculo
1901 3344 2076 3388 adhuc
2096 3343 2314 3399 propior
2333 3342 2404 3386 est

256 3442 272 3473 T
293 3427 385 3483 '1211
1935 3428 2403 3481 circumferentia
