2638 3952
257 309 325 360 46
462 307 1071 360 ASTRONOMIAE
1099 306 1663 359 INSTAURATAE
1691 306 2240 359 MECHANICA

256 448 405 490 litera
427 447 472 489 D
493 447 547 489 in
567 447 616 489 F.
641 447 773 499 Quae
794 447 935 490 enim
958 459 1082 502 pars
1101 445 1408 502 productior
1433 446 1518 498 est,
1547 445 1796 488 nimirum
1816 445 1921 497 FG,
1950 446 2131 488 saltem
2152 445 2220 489 ob
2241 445 2294 489 id
2314 446 2456 489 addi-

255 528 354 576 tur,
385 527 441 567 ut
469 524 629 567 aliam
657 524 1021 580 oblongiorem
1047 525 1285 580 regulam
1314 523 1450 567 intra
1477 524 1527 567 se
1554 523 1823 567 contineat
1851 522 1892 565 81
1921 525 2183 566 coerceat.
2217 522 2355 565 Nam
2385 522 2455 566 est

256 601 532 644 bifurcata.
549 601 721 645 Tertia
740 613 869 645 vero
890 602 1070 656 regula
1091 601 1186 643 ΕΗ
1208 613 1329 655 quae
1349 601 1553 656 longior
1572 600 1657 652 est,
1680 601 1721 643 δι
1740 599 1939 654 pariter
1951 600 2103 655 Juxta
2123 600 2160 642 E
2180 599 2342 654 priori
2361 599 2454 642 DE

256 677 564 730 anned’titur,
593 678 753 722 etiam
773 678 845 722 ibi
865 678 1232 730 convolubilis;
1261 690 1383 722 eam
1409 678 1571 721 habet
1591 676 1983 732 longitudinem,
2012 684 2132 731 quae
2158 676 2453 730 requiritur,

256 756 469 810 quando
491 755 614 799 bina
634 757 802 799 latera
823 756 915 799 DE
936 756 977 798 δι
997 755 1079 798 EF
1099 756 1350 810 angulum
1370 753 1573 798 rectum
1594 753 2073 809 comprehendunt:
2095 753 2186 797 ubi
2205 752 2455 796 nimirum

254 834 434 889 regula
448 833 494 876 D
504 833 539 876 F
552 833 624 876 ita
640 833 841 876 sublata
856 833 942 884 est,
963 835 1021 875 ut
1036 831 1340 876 Horizontis
1355 831 1707 886 aequilibrium
1721 830 1977 886 respiciat.
2000 830 2238 885 Dioptrae
2258 833 2453 882 autem,

254 921 349 964 per
368 922 500 964 quas
520 910 763 953 Siderum
784 910 1072 953 collimatio
1092 909 1167 961 fit,
1191 910 1304 953 sunt
1323 909 1376 951 in
1396 909 1586 952 eAdem
1608 909 1799 964 Regula
1813 909 1964 964 juxta
1985 907 2034 950 H
2055 907 2097 951 81
2117 907 2155 959 1,
2183 910 2342 962 atque
2361 918 2457 963 per

254 987 473 1030 rimulas
493 986 655 1042 priori
674 987 974 1042 pinnacidio
994 987 1276 1041 parallelas
1297 986 1452 1041 supra
1472 987 1513 1029 81
1532 985 1684 1038 infra,
1706 986 1870 1030 modo
1893 998 1925 1028 a
1944 984 2097 1029 nobis
2111 984 2324 1029 invento
2339 996 2455 1028 rem

255 1064 551 1119 expediunt.
582 1064 641 1106 In
661 1064 986 1118 Coperniceo
1007 1063 1354 1107 Instrumento
1376 1066 1528 1106 erant
1551 1063 1673 1107 loco
1694 1062 1889 1106 horum
1909 1062 2190 1114 foramina,
2218 1073 2314 1116 per
2333 1073 2454 1116 quae

255 1141 411 1184 stellae
444 1140 751 1185 difficillime
783 1141 1031 1184 visuntur.
1071 1140 1291 1185 Accedit
1323 1140 1363 1184 81
1396 1140 1499 1183 hoc
1533 1139 2009 1192 disconvenientiae,
2047 1139 2190 1194 quod
2223 1138 2455 1182 anterius

254 1218 498 1261 foramen
523 1218 575 1260 in
600 1218 902 1272 pinnacidio
930 1219 951 1261 Ι
979 1218 1331 1269 constitutum,
1364 1217 1591 1272 amplius
1618 1218 1785 1261 altero
1811 1217 1909 1280 esse
1939 1219 2199 1272 oporteat,
2230 1217 2266 1260 fi
2296 1216 2454 1260 stellae

253 1306 348 1350 per
372 1295 497 1338 illud
522 1296 809 1339 commode
829 1296 1214 1351 conspiciendae
1236 1296 1370 1339 sunt:
1399 1295 1636 1349 Cumque
1662 1295 1766 1339 hoc
1794 1295 1900 1347 dat,
1929 1294 2220 1349 aliquotam
2245 1296 2454 1349 partem

252 1372 406 1416 unius
421 1372 631 1416 Gradus
652 1377 878 1428 occupet
896 1373 1097 1417 necesse
1118 1373 1204 1425 est,
1226 1375 1408 1428 utpote
1430 1372 1499 1415 ad
1518 1372 1799 1416 minimum
1819 1370 2069 1416 ocstavam
2081 1372 2166 1415 vel
2187 1370 2454 1415 decimam

253 1452 475 1504 partem.
507 1451 784 1506 Ignoratur
813 1454 993 1494 autern
1021 1451 1157 1494 inter
1186 1450 1591 1501 observandum,
1623 1462 1692 1492 an
1721 1449 1863 1493 stella
1890 1448 2074 1493 exacte
2099 1449 2152 1492 in
2178 1448 2453 1493 foraminis

252 1526 363 1582 ejus
384 1527 574 1571 Centro
595 1528 945 1583 conspiciatur
963 1539 1061 1572 nec
1082 1540 1169 1571 ne:
1193 1530 1352 1582 atque
1373 1528 1441 1571 sic
1462 1527 1662 1582 aliquot
1680 1526 2007 1571 minutorum
2020 1525 2228 1583 jadtura
2249 1525 2454 1570 admitti

251 1603 437 1658 potest3
459 1607 517 1647 ut
536 1605 731 1648 mirum
753 1606 826 1657 fit,
849 1606 1121 1660 quomodo
1142 1616 1250 1648 non
1271 1605 1438 1648 solum
1459 1605 1802 1660 Copernicus;
1825 1605 1912 1648 sed
1931 1604 1973 1647 δι
1991 1606 2214 1656 veteres,
2236 1604 2326 1659 qui
2342 1603 2455 1647 tali-

252 1681 351 1725 bus
383 1682 667 1725 utebantur
698 1683 932 1738 dioptris,
966 1682 1162 1737 aliquid
1191 1682 1335 1735 certi,
1369 1682 1570 1726 etiamsi
1600 1685 1798 1726 caetera
1827 1680 1967 1725 redte
1997 1682 2047 1725 se
2076 1681 2349 1734 haberent,
2383 1682 2451 1726 fic

253 1758 446 1814 assequi
473 1759 752 1814 potuerint.
786 1760 1076 1804 Divifiones
1104 1760 1338 1814 aequales
1367 1759 1420 1802 in
1447 1760 1627 1815 regula
1658 1759 1772 1803 sunt
1800 1758 2108 1815 oblongiore
2136 1770 2231 1814 per
2258 1757 2452 1814 puncsta

250 1836 629 1888 transversalia,
657 1837 732 1880 uti
753 1837 905 1882 nobis
925 1837 1090 1881 moris
1111 1837 1196 1888 est,
1225 1838 1527 1893 designatae:
1557 1837 1791 1892 Suntque
1810 1840 1904 1889 tot,
1931 1839 1989 1880 ut
2007 1837 2254 1880 ultimum
2272 1848 2453 1881 nume-

251 1925 370 1956 rum
392 1914 619 1959 Canonis
639 1915 859 1966 sinuum,
883 1915 969 1958 sex
988 1915 1317 1970 zyphrarum
1338 1914 1582 1969 requisito
1603 1915 1741 1967 loco,
1769 1926 1961 1969 nempe
1981 1915 2034 1958 in
2054 1926 2135 1967 eo,
2161 1914 2249 1970 qui
2269 1913 2451 1970 primis

251 1991 458 2035 duabus
491 1993 692 2048 Regulis
724 1993 1055 2048 adaequatur,
1094 1996 1151 2036 ut
1188 1992 1283 2035 fiat
1312 1992 1651 2047 Triangulum
1683 1992 2068 2047 aequilaterum,
2109 1992 2449 2047 adimpleant.

253 2069 559 2112 Notandum
584 2070 806 2125 insuper,
836 2071 1085 2125 Regulam
1106 2070 1225 2122 DK,
1254 2081 1375 2124 quae
1395 2068 1652 2112 verticem
1678 2069 1899 2125 respicit,
1926 2069 2141 2113 interius
2164 2069 2451 2114 cavitatem

251 2146 522 2200 quandam
553 2147 806 2199 obtinere,
836 2147 889 2190 in
918 2149 1023 2201 qua
1051 2147 1202 2190 filum
1230 2150 1388 2190 tenue
1414 2146 1811 2190 Orichalcicum
1837 2159 1869 2190 a
1896 2147 2160 2202 superiore
2188 2149 2338 2202 parte
2367 2147 2453 2191 de·

249 2224 499 2277 pendens,
521 2224 738 2268 inferius
752 2225 903 2280 Juxta
925 2225 972 2267 K
993 2225 1357 2279 plumbeolum
1377 2223 1554 2276 habet,
1577 2235 1643 2267 ne
1659 2227 1863 2268 avento
1883 2224 2050 2276 filum,
2073 2224 2217 2279 quod
2235 2223 2451 2268 interius

250 2299 470 2353 sustinet,
493 2301 843 2345 dimoveatur.
871 2302 1010 2344 Nam
1032 2302 1072 2343 81
1087 2301 1336 2357 janiculae
1358 2301 1602 2357 oblongae
1623 2301 1765 2356 apud
1784 2301 1924 2345 hanc
1946 2301 2232 2345 cavitatem
2255 2301 2450 2345 additae

250 2377 379 2430 sunt,
413 2390 535 2432 quae
565 2378 756 2434 aperiri
786 2379 826 2421 81
856 2378 1032 2423 claudi
1059 2378 1278 2434 possunt,
1308 2381 1466 2434 prout
1496 2390 1629 2433 opus
1658 2378 1813 2422 fuerit
1841 2378 1894 2421 in
1923 2390 2047 2422 eum
2074 2378 2160 2436 (de
2190 2391 2295 2434 quo
2326 2378 2451 2437 dixi)

248 2454 415 2498 usum.
448 2455 603 2507 Quod
631 2456 683 2498 in
713 2455 1047 2500 convenienti
1077 2457 1338 2511 signatura
1366 2455 1511 2499 isthic
1542 2456 1738 2508 addita,
1770 2455 2039 2507 monstrat,
2072 2456 2285 2510 quando
2314 2457 2451 2500 latus

249 2531 342 2574 DE
364 2531 679 2577 exad'tissime
700 2533 956 2577 verticem
982 2533 1202 2587 respicit.
1232 2533 1395 2588 quue
1417 2533 1490 2576 ita
1511 2532 1652 2576 effici
1676 2533 1858 2588 potest,
1885 2545 1981 2588 per
2006 2533 2256 2577 cochleas
2281 2533 2452 2578 inferi-

250 2619 369 2652 ores
399 2609 468 2652 ad
493 2610 538 2652 A
563 2610 616 2653 in
645 2610 906 2664 pedestali‚
939 2622 1059 2664 quae
1088 2610 1327 2654 ferreolis
1355 2610 1409 2653 in
1438 2611 1482 2653 L
1507 2609 1982 2665 circumgyrantur.
2015 2610 2280 2655 Inhaerent
2309 2610 2449 2655 enim

249 2685 335 2729 hae
354 2688 461 2729 tres
482 2687 689 2742 Regulae
710 2688 978 2731 columnae
999 2688 1099 2740 CB,
1128 2699 1248 2742 quae
1269 2686 1407 2731 dicto
1428 2687 1676 2742 pedestali
1698 2687 1941 2739 insistunt,
1970 2687 2043 2731 ita
2063 2690 2121 2731 ut
2139 2688 2192 2731 in
2212 2688 2450 2732 rotundis

249 2763 520 2807 claviculis
549 2764 671 2807 hinc
701 2763 822 2808 inde
849 2764 1097 2808 convolvi
1124 2767 1334 2819 queant.
1367 2764 1542 2816 Quam
1569 2765 2026 2817 commodItatem‚
2058 2765 2236 2820 quoad
2261 2765 2448 2817 fulcra,

249 2851 345 2895 ego
377 2840 500 2884 huic
533 2841 881 2885 Instrumento
915 2841 1108 2885 addidi.
1143 2841 1202 2884 In
1235 2841 1559 2896 Coperniceo
1594 2841 1734 2885 enim
1765 2854 1874 2886 non
1906 2845 2034 2885 erat.
2068 2842 2259 2886 Addidi
2288 2843 2451 2887 etiam

249 2917 561 2971 plumulam,
590 2930 711 2972 quae
738 2918 808 2962 est
828 2918 979 2974 juxta
1001 2919 1060 2971 G,
1089 2918 1426 2970 efficientem,
1453 2922 1511 2962 ut
1535 2918 1588 2961 in
1615 2919 1802 2973 quovis
1829 2920 2020 2975 angulo
2044 2919 2323 2964 observato
2345 2919 2451 2975 qui-

249 2994 390 3038 escat
408 2996 588 3049 regula
607 2995 711 3047 AF,
740 2995 911 3039 donec
930 2995 983 3038 in
1004 2996 1168 3039 latere
1188 2995 1438 3051 longioris
1458 2996 1757 3040 numeratio
1778 2995 1993 3051 peracsta
2014 2997 2086 3040 sit.
2113 2997 2390 3052 Applicavi
2408 2998 2450 3041 81

249 3069 352 3113 alia
379 3072 630 3125 quaedam
657 3072 1039 3116 commodioris
1066 3072 1185 3115 usus
1213 3073 1254 3115 81
1277 3071 1605 3117 tractationis
1632 3073 1820 3128 gratia:
1849 3086 1970 3129 quae
1996 3074 2191 3129 singula
2217 3085 2450 3119 comme-

249 3159 461 3192 morare
492 3149 822 3204 supersedeo;
853 3162 919 3194 ne
947 3149 1132 3193 videar
1155 3149 1551 3193 Antecessorum
1579 3149 1794 3194 inventa
1823 3151 1980 3195 nimis
2009 3151 2320 3207 corrigendo
2351 3152 2450 3195 ele-

247 3236 391 3268 vare.

319 3301 493 3346 USUS
520 3302 674 3359 huJus
695 3303 987 3347 Parallatici
1008 3303 1078 3347 est
1098 3303 1150 3346 in
1171 3303 1440 3358 capiendis
1461 3303 1724 3360 Distantijs
1751 3305 1978 3349 siderum
1999 3318 2031 3348 a
2050 3305 2264 3357 vertice,
2291 3308 2449 3360 prout

247 3379 561 3422 Ptolemaeus
571 3379 624 3422 in
636 3380 786 3423 Luna
801 3383 859 3423 ut
872 3380 1158 3435 plurimum
1171 3379 1443 3433 factitavit,
1458 3381 1750 3436 praesertim
1765 3385 1981 3436 propter
1995 3382 2105 3437 ejus
2119 3382 2448 3425 latitudinem

2121 3464 2450 3513 maximam

2508 1147 2550 1182 10

2506 1532 2549 1568 15

2499 2306 2545 2341 25

2498 3079 2544 3114 35
