2638 3952
360 279 972 336 ASTRONOMIAE
999 277 1567 333 INSTAURATAE
1593 278 2144 333 MECHANICA
2289 282 2357 334 83

225 422 373 466 Licet
391 433 521 466 vero
543 421 648 465 hoc
672 420 1080 465 Instrumenturn
1099 431 1208 464 non
1228 418 1363 463 adeo
1384 419 1656 463 Excellens
1683 419 1756 471 fit,
1786 423 1944 475 atque
1970 432 2050 473 ea,
2080 433 2202 476 quae
2228 422 2359 476 post-

153 505 375 549 modum
403 504 694 548 successivis
720 504 922 559 aliquot
948 503 1098 547 annis
1125 503 1437 558 excogitavi,
1465 502 1507 546 ἃ
1533 513 1729 558 magno
1754 503 1938 548 labore
1965 507 2124 559 atque
2150 506 2358 560 sumptu

153 587 374 632 confieri
397 586 516 640 feei,
543 587 769 642 ideoque
794 586 974 642 postea
995 599 1027 630 a
1047 597 1135 630 me
1156 586 1511 640 antiquatum:
1539 589 1723 629 tamen
1747 586 1875 628 illud
1895 587 2262 642 qualecunque
2282 589 2355 640 fit,

153 681 279 714 cum
308 670 350 713 ἃ
377 670 490 714 usui
518 681 626 714 non
657 669 1064 714 incommodum
1097 669 1295 722 existat,
1327 668 1414 712 hic
1446 680 1554 712 una
1586 680 1712 713 cum
1745 670 1953 714 caeteris
1985 670 2358 715 delineandum

81 762 104 797 5
212 753 692 809 exponendumque
712 753 854 805 duxi,
884 764 990 808 quo
1011 753 1053 796 ἃ
1073 763 1262 796 eorum
1282 752 1546 796 rationem
1564 752 1838 805 haberem,
1868 753 2057 808 quibus
2078 755 2299 808 operosa

270 836 359 880 illa
384 837 426 880 ἃ
452 835 754 892 sumptuosa
780 836 916 880 adeo
943 835 1306 887 Instrumenta,
1338 835 1671 879 construendi
1698 846 1807 879 non
1833 836 2055 891 suppetit
2079 836 2241 880 facul-

330 922 429 963 tas.
457 919 535 963 Illi
558 919 736 974 itaque
761 918 866 963 hoc
893 919 1127 963 contenti
1151 917 1343 962 red’tius
1363 919 1405 962 ἃ
1424 919 1708 974 praecifius‚
1737 931 1902 974 quam
1929 923 2051 964 ante
2076 919 2180 964 hac

389 1013 485 1057 per
503 1002 726 1046 Radium
744 1002 1174 1046 Astronomicum
1193 1000 1394 1045 facstum
1419 1001 1506 1054 est,
1534 1002 1801 1046 stellarum
1820 1003 2123 1047 scrutabun-

688 1088 777 1129 tur
794 1085 1236 1141 intercapedines:
1260 1085 1425 1130 modo
1443 1085 1740 1130 Parallaxin
1760 1086 1826 1130 de

62 1175 105 1212 10
912 1170 1016 1223 qua
1038 1168 1160 1220 dixi,
1182 1168 1280 1212 rite
1300 1169 1339 1211 81
1360 1169 1603 1224 expedite

1075 1255 1435 1307 praecaveant.

302 3434 367 3470 ιι·
1526 3498 1530 3501 γ
1810 3415 2354 3470 INSTRVMENTI
