2638 3952
93 1163 135 1198 10

94 1518 136 1553 15

90 2230 135 2264 25

90 2585 136 2621 30

93 2940 139 2976 35

384 302 996 356 ASTRONOMIAE
1023 300 1593 354 INSTAURATAE
1620 300 2172 355 MECHANICA
2329 302 2385 353 21

708 445 1719 602 ΕΧΡΕῙΟΑΤξῙέξέΒΚΙΟΕ
1751 445 1866 506 ΕΤ

230 662 233 663 ἑ
322 692 389 775 ³1²
407 692 474 738 *f
485 636 590 752 31*
629 653 1374 780 &513553232231332232
1390 652 2386 779 {3332}‚⁰521i’22‘25355eh5153232233

586 754 589 831 Ι
630 797 821 840 GHIK
846 796 1132 840 Azimutha
1159 796 1534 847 continentem,
1567 795 1608 837 ἃ
1637 806 1666 838 e
1697 794 1860 838 solido
1887 794 2172 839 Orichalco
2198 795 2384 838 fusum.

418 896 483 932 s
544 910 551 931 x
627 868 806 912 Totius
831 879 960 911 vero
991 867 1322 911 Instrumenti
1350 870 1528 922 partes
1558 866 1812 922 sigillatim
1838 866 2135 921 explicatae,
2165 867 2218 909 in
2245 866 2386 910 hune

304 993 310 1002 ι
386 984 397 1003 ⁶
445 929 477 1002 ’,ᾖ
555 941 577 951 ”
628 939 851 983 modum
879 939 930 982 se
954 938 1175 983 habent:
1201 951 1234 982 a
1255 939 1445 982 Centro
1465 938 1511 980 A
1531 937 1600 980 ad
1621 937 1659 980 B
1678 938 1763 981 vel
1784 937 1821 980 C
1841 937 1912 981 est
1938 937 2207 993 longitudo
2233 937 2387 981 unius

361 1012 379 1025 ²
442 1005 457 1019 ⁸
629 1010 791 1054 cubiti
811 1022 935 1054 cum
956 1010 1166 1054 semisse.
1191 1010 1327 1054 Hinc
1348 1012 1493 1064 patet
1512 1008 1941 1052 circumferentia
1962 1009 2061 1060 BC,
2084 1019 2205 1063 quae
2226 1009 2388 1052 etiam

182 1094 278 1138 per
307 1080 501 1137 puncta
531 1081 897 1125 transversalia
931 1082 1182 1125 consueto
1215 1081 1367 1125 nobis
1397 1092 1548 1125 more
1577 1080 1629 1123 in
1658 1080 1854 1134 singula
1880 1079 2155 1123 Graduum
2184 1080 2388 1123 minuta

186 1153 443 1198 subdivisa
475 1153 570 1204 est;
605 1154 912 1207 nullumque
945 1153 1124 1205 alium,
1157 1155 1215 1195 ut
1246 1152 1299 1195 in
1330 1151 1508 1207 priori,
1542 1149 1877 1195 distinctionis
1908 1151 2133 1194 modum
2165 1151 2385 1195 obtinet:

184 1224 438 1280 siquidem
462 1223 656 1267 limbus
682 1235 791 1268 non
816 1225 952 1268 adeo
979 1225 1117 1267 latus
1143 1224 1217 1276 sit,
1245 1227 1303 1266 ut
1327 1225 1503 1279 plures
1530 1222 1817 1267 commode
1844 1222 2088 1277 excipiat.
2117 1222 2293 1266 Habet
2317 1222 2388 1265 ni-

183 1295 467 1340 hilominus
493 1295 722 1338 duorum
749 1295 959 1339 circiter
984 1295 1267 1350 digitorum
1293 1295 1644 1347 latitudinem;
1678 1294 1719 1336 81
1748 1293 1953 1349 singulis
1983 1293 2197 1336 minutis
2222 1293 2389 1349 expri-

185 1367 390 1411 mendis
420 1366 833 1410 trans'versaliter
862 1366 956 1423 (uti
988 1366 1112 1423 dixi)
1143 1378 1318 1422 capax
1346 1366 1432 1410 est.
1468 1366 1802 1418 Quadratum
1831 1376 1977 1417 vero,
2009 1365 2152 1419 quod
2180 1364 2234 1408 in
2262 1368 2388 1408 area

185 1437 505 1490 Quadrantis
523 1438 717 1480 ADEF
737 1437 1068 1493 conspicitur,
1096 1449 1308 1492 unaque
1334 1437 1456 1482 huic
1485 1436 1791 1481 decussatim
1813 1436 2104 1480 incidentes
2124 1437 2389 1492 contigna-

183 1509 354 1553 tiones
380 1509 534 1553 fulcri
560 1509 744 1552 saltem
772 1510 893 1554 loco
921 1510 962 1553 ἃ
988 1509 1207 1565 majoris
1235 1508 1516 1561 firmitatis,
1548 1508 1722 1552 eidem
1752 1508 2092 1562 adaptantur:
2124 1508 2215 1551 nisi
2246 1508 2387 1563 quod

185 1580 520 1632 Quadratum
539 1580 666 1623 illud
684 1580 797 1624 usui
817 1592 1028 1636 quoque
1049 1580 1148 1624 esse
1167 1580 1317 1636 possit
1335 1580 1390 1623 in
1409 1579 1818 1623 dimensionibus
1841 1578 2189 1623 Geometricis
2210 1580 2388 1633 quoad

186 1651 515 1696 altitudinem
545 1652 586 1694 81
613 1652 946 1695 latitudinem
974 1663 1170 1704 rerum,
1205 1664 1327 1707 quae
1355 1652 1409 1695 in
1436 1653 1580 1695 terra
1609 1650 2015 1705 conspiciuntur,
2049 1653 2208 1704 atque
2239 1650 2292 1694 in
2323 1652 2387 1694 ea

183 1723 464 1767 hominum
493 1723 677 1766 labore
706 1722 962 1767 extrudtae
988 1723 1122 1767 sunt:
1154 1723 1626 1776 Quemadmodum
1653 1721 1784 1766 alias
1810 1721 2217 1765 Instrumentum
2242 1722 2384 1774 illud,

185 1794 328 1848 quod
348 1793 683 1846 Quadratum
705 1794 1102 1838 Geometricum
1129 1794 1414 1850 appellavit
1432 1793 1838 1845 Peurbacchius,
1866 1793 1986 1836 haec
2007 1793 2048 1835 81
2069 1793 2251 1836 similia
2271 1804 2388 1848 pro-

185 1865 301 1908 mit:
330 1865 493 1909 veluti
512 1866 580 1909 ab
601 1866 794 1909 eodem
814 1865 1009 1910 eximio
1029 1866 1144 1910 viro
1166 1865 1420 1921 peculiari
1446 1865 1621 1909 libello
1643 1865 1986 1920 explanatum
2007 1864 2049 1906 82
2069 1864 2387 1908 demonstra-

183 1939 298 1979 tum
325 1936 415 1980 est:
448 1939 607 1991 atque
634 1937 764 1981 alias
789 1937 841 1980 id
871 1937 938 1980 ab
968 1937 1046 1993 ijs,
1078 1938 1166 1992 qui
1191 1937 1546 1981 Astrolabium
1575 1936 1855 1991 explicant,
1885 1935 2178 1990 praesertim
2207 1937 2386 1990 quoad

185 2008 295 2064 ejus
326 2007 419 2062 (uti
449 2008 666 2065 vocant)
697 2008 927 2061 dorsum,
965 2009 1158 2053 minori
1188 2009 1398 2064 negotio
1430 2008 1552 2052 licet
1583 2019 1691 2051 non
1723 2008 1858 2051 adeo
1891 2005 2075 2050 exacte
2106 2007 2384 2051 indicatur.

183 2079 363 2123 Altera
383 2079 670 2134 adaptatio,
694 2092 815 2134 quae
835 2079 978 2124 circa
998 2080 1117 2124 haec
1140 2079 1279 2123 dicta
1294 2080 1539 2131 cernitur,
1562 2082 1720 2134 atque
1736 2091 1768 2122 a
1781 2078 2053 2134 posteriori
2066 2078 2386 2131 Quadrantis

183 2154 334 2205 parte
358 2150 693 2206 intelligenda
712 2151 870 2203 venit,
898 2150 1134 2195 formam
1158 2151 1325 2194 literae
1350 2151 1398 2194 Y
1423 2151 1822 2206 repraesentans,
1851 2153 2009 2204 atque
2033 2150 2116 2193 his
2140 2149 2306 2193 tribus
2333 2149 2386 2192 li-

183 2221 310 2265 teris
329 2221 506 2264 WXY
526 2222 843 2277 consignata,
872 2225 1156 2277 propterea
1182 2222 1340 2275 adest,
1367 2225 1424 2265 ut
1450 2222 1619 2277 ipsum
1642 2221 1962 2274 Quadrantis
1987 2222 2207 2276 planum
2234 2221 2385 2264 Hori-

183 2292 343 2344 zonti,
371 2293 457 2336 cui
480 2292 781 2345 involvitur,
813 2294 881 2337 ad
909 2294 1159 2348 angulum
1185 2292 1404 2345 re<stum‚
1437 2293 1922 2348 quomodocunque
1948 2292 2382 2347 circumgyretur,

185 2363 340 2415 fistat3
371 2376 582 2419 unaque
609 2366 674 2408 ea
702 2368 869 2419 parte,
898 2367 1003 2419 qua
1030 2364 1308 2408 Horizonti
1328 2365 1480 2420 juxta
1505 2365 1553 2407 Y
1578 2364 1924 2420 conjungitur,
1955 2363 2232 2408 cochleola
2263 2366 2385 2418 qua-

185 2435 328 2487 dam,
354 2435 445 2478 ubi
472 2446 605 2490 opus
631 2435 718 2488 est,
745 2436 818 2479 ita
843 2436 984 2491 figat,
1012 2439 1070 2479 ut
1094 2436 1147 2479 in
1174 2436 1264 2479 suo
1290 2437 1412 2480 loco
1437 2435 1509 2479 ibi
1533 2436 1787 2480 immotus
1813 2446 2149 2490 permanens,
2178 2434 2385 2477 Gradus

183 2506 546 2550 Azimuthales
572 2508 860 2551 commode
886 2507 1220 2551 demonstret.
1248 2507 1350 2550 Vbi
1378 2507 1540 2550 etiam
1568 2508 1758 2562 Regula
1788 2507 2039 2562 quaedam
2066 2518 2098 2549 a
2124 2506 2316 2549 Centro
2342 2506 2387 2548 L

185 2578 364 2621 versus
385 2578 667 2622 cochleam
679 2578 723 2621 Y
742 2577 899 2622 ducta
914 2578 1180 2634 conjungit
1192 2578 1347 2622 fulcri
1360 2578 1753 2622 extremitatem
1767 2589 1892 2622 cum
1908 2576 2141 2621 inferiori
2154 2577 2196 2620 ἃ
2209 2576 2386 2620 media

186 2649 507 2701 Quadrantis
526 2652 694 2704 parte,
716 2661 822 2704 quo
843 2662 908 2694 eo
927 2650 1134 2693 firmius
1155 2650 1335 2694 omnia
1353 2650 1678 2702 cohaereant,
1700 2650 1742 2693 &
1761 2649 1958 2704 pariter
1971 2648 2384 2703 circumagatur:

185 2721 455 2775 plumeola
475 2720 638 2764 etiam
656 2721 873 2765 inferius
893 2721 963 2764 ad
983 2721 1265 2766 cochleam
1285 2721 1482 2773 addita,
1503 2724 1561 2764 ut
1581 2720 1821 2764 consistat
1836 2720 2117 2772 Quadrans
2133 2719 2186 2762 in
2201 2719 2387 2774 quovis

186 2792 307 2835 loco
335 2791 531 2846 absque
558 2792 704 2835 omni
728 2792 1066 2836 vacillatione
1091 2792 1362 2836 immotus.
1392 2792 1548 2845 Quod
1572 2803 1702 2836 vero
1724 2792 2006 2844 Quadrans
2031 2791 2117 2834 hic
2144 2803 2251 2835 non
2274 2793 2387 2835 tota

189 2863 278 2906 sua
305 2862 577 2917 superficie
603 2863 795 2907 solidus
822 2864 896 2915 fit,
926 2864 1012 2908 sed
1038 2863 1337 2907 discrimina
1362 2876 1443 2916 ea,
1472 2863 1830 2918 quadrilatera
1851 2866 1910 2906 ut
1935 2862 2238 2918 plurimum,
2267 2874 2388 2916 quae

186 2934 240 2977 in
259 2945 324 2977 eo
344 2934 593 2986 visuntur,
621 2934 834 2987 habeat,
861 2935 915 2978 id
939 2935 1144 2991 praebet
1167 2934 1418 2987 utilitatis,
1447 2935 1591 2990 quod
1615 2934 1834 2979 minoris
1858 2935 1916 2977 sit
1938 2934 2202 2989 ponderis,
2230 2936 2389 2987 atque

188 3005 257 3049 ob
285 3005 338 3048 id
363 3016 471 3049 non
498 3005 681 3048 saltem
707 3005 914 3049 facilius
937 3004 1172 3058 tractari,
1201 3006 1287 3050 sed
1313 3006 1475 3049 etiam
1502 3006 1569 3050 ab
1596 3017 1704 3050 uno
1730 3006 1783 3048 in
1809 3005 1973 3049 alium
1997 3006 2195 3057 locum,
2221 3005 2389 3061 (cujus

188 3075 351 3119 etiam
380 3076 555 3120 caussa
583 3088 650 3120 ex
679 3076 840 3133 varijs
867 3077 1106 3132 partibus
1135 3077 1355 3134 constat)
1381 3077 1650 3120 transferri
1678 3079 1858 3132 queat:
1891 3079 1949 3119 ut
1979 3076 2158 3131 postea
2186 3075 2389 3131 plenius

188 3147 554 3191 indicabimus.
590 3148 669 3191 De
701 3149 880 3203 regula
914 3160 1125 3203 quoque
1157 3149 1268 3204 ejus
1301 3148 1538 3204 dioptras
1567 3148 1810 3203 gestante,
1839 3148 1953 3204 jam
1978 3158 2108 3191 mox
2133 3147 2387 3197 dicemus,

187 3218 279 3261 ubi
305 3218 450 3273 prius
479 3219 545 3262 de
573 3218 865 3263 Horizonte
889 3219 1213 3263 Azimuthali
1240 3220 1494 3264 nonnulla
1523 3219 2006 3275 explanaverimus:
2038 3218 2291 3273 siquidem
2320 3217 2391 3261 di·

190 3292 360 3344 optrae
385 3289 489 3333 illae
516 3289 870 3334 observationi
893 3293 1006 3334 tam
1026 3291 1375 3334 Altitudinum
1402 3303 1565 3345 quam
1583 3291 1992 3335 Azimuthorum
2018 3289 2215 3345 pariter
2238 3289 2391 3332 inser-

189 3359 349 3404 viant.
378 3360 610 3415 Ideoque
637 3361 828 3416 Regula
854 3361 962 3416 ipsa
990 3361 1080 3405 suo
1106 3363 1267 3417 plano
1295 3361 1587 3417 oblongiori
1608 3362 1648 3405 δι
1668 3361 1856 3414 latiori,
1884 3362 2044 3416 plano
2072 3360 2234 3404 etiam
2255 3359 2391 3411 Qua-

2166 3435 2390 3486 drantis
