2638 3952
402 312 1013 367 ASTRONOMIAE
1039 313 1605 368 INSTAURATAE
1631 315 2180 370 MECHANICA
2338 320 2395 372 15

194 455 295 504 tur,
318 455 409 495 aut
427 453 606 495 lumen
621 452 754 496 Solis
773 452 1153 496 intromittatur
1166 454 1236 496 ad
1250 454 1504 498 amussim.
1528 454 1717 508 Sicque
1731 454 1973 498 firmetur
1987 457 2054 499 ab
2071 458 2235 500 altera
2250 462 2400 512 parte

189 523 342 578 juxta
362 522 425 575 D,
447 523 538 566 ubi
558 523 893 567 cochleolam
914 523 1001 567 hic
1021 525 1274 567 latentem
1292 524 1469 568 habet.
1495 525 1805 569 Monstrabit
1824 526 1965 569 enim
1987 527 2125 570 sicin
2139 529 2401 572 exteriore

195 592 376 645 limbo,
402 593 494 637 ubi
518 594 796 638 divisiones
816 594 931 637 sunt
949 595 1208 649 vulgares,
1236 598 1477 639 extrema
1503 595 1665 639 etiam
1686 597 1894 652 Regulae
1914 609 2039 652 pars
2058 598 2399 643 Altitudinem

196 664 471 718 quaefitam
492 664 630 708 intra
652 665 811 719 quina
833 665 1058 718 minuta;
1084 677 1312 720 quorum
1335 677 1547 721 quoque
1567 666 1843 710 dimidiam
1858 669 1943 711 vel
1959 669 2171 712 tertiam
2191 674 2399 724 partem
2470 724 2486 728 -

125 742 146 777 5
196 738 450 780 accurato
477 735 664 778 intuitu
691 735 884 790 assequi
909 736 1043 780 licet.
1071 736 1140 780 At
1159 737 1194 779 fi
1217 737 1496 781 Nonniana
1517 738 1666 781 fimul
1687 738 1937 783 divifione
1959 740 2035 783 uti
2059 740 2302 793 lubuerit‚
2330 742 2400 784 vi-

195 806 428 849 dendum
450 806 536 858 est,
559 806 648 850 ubi
668 807 859 862 Regula
880 807 1094 862 aliquod
1113 806 1368 863 pundtum
1388 808 1441 851 in
1461 811 1541 860 ea,
1569 809 1870 864 ubicunque
1889 811 2123 862 tandem,
2145 812 2397 863 transeat;

195 878 236 920 81
261 878 668 929 numerandum,
698 881 921 932 quotum
948 879 1007 921 fit
1030 878 1156 922 illud
1182 878 1452 933 puncstum,
1480 891 1543 923 ac
1572 883 1702 934 quot
1723 880 1850 924 talia
1875 881 1959 924 ille
1979 881 2260 933 Quadrans
2280 894 2401 926 con-

192 947 341 992 tinet:
365 959 490 992 eum
511 949 700 1003 quibus
720 949 928 992 duobus
944 949 998 992 in
1010 949 1269 993 Tabulam
1290 950 1357 994 ab
1379 951 1546 994 altera
1562 946 1882 1003 Quadrdhtis
1902 955 2054 1007 parte
2074 953 2399 1008 exsculptam

194 1019 479 1062 lateraliter
509 1019 829 1071 intrandum,
864 1020 1038 1074 ficque
1069 1020 1122 1063 in
1155 1023 1280 1064 area
1306 1022 1458 1077 juxta
1487 1033 1832 1066 communem
1863 1024 2178 1067 concursum
2207 1024 2401 1068 inveni-

103 1097 145 1132 10
193 1092 353 1133 untur
378 1089 586 1134 Gradus
612 1090 654 1133 &
680 1091 899 1142 Minuta,
930 1090 1273 1134 Altitudinem
1303 1092 1663 1136 mensuratam
1692 1094 1993 1148 pandentia.
2026 1095 2174 1138 Idem
2204 1095 2400 1150 absque

191 1160 392 1204 Tabula
423 1172 518 1216 per
550 1162 799 1216 Regulam
831 1161 1253 1217 proportionum,
1287 1175 1395 1207 non
1426 1165 1594 1208 multo
1627 1164 1828 1216 labore,
1862 1165 2110 1209 efficitur:
2150 1167 2398 1221 ponendo

251 1231 424 1286 primo
445 1232 566 1276 loco
585 1233 807 1276 totalem
828 1232 1136 1277 divisionem
1156 1234 1267 1278 eius
1288 1234 1625 1287 Quadrantis,
1650 1235 1703 1278 in
1723 1231 1829 1290 quo
1849 1234 2103 1290 pund’tum
2124 1236 2340 1292 aliquod

310 1302 420 1358 ipsa
448 1303 640 1358 Regula
669 1303 1000 1360 contingitur.
1032 1304 1276 1349 Secundo
1305 1306 1426 1350 loco
1457 1305 1666 1350 Gradus
1695 1305 1767 1350 90.
1795 1306 1968 1350 Tertio
1998 1319 2280 1351 numerum

370 1373 602 1418 eiusdem
620 1373 799 1430 pund’ti
819 1387 852 1418 a
870 1375 1144 1430 principio,
1167 1387 1231 1420 eo
1251 1376 1415 1431 usque
1433 1377 1523 1420 ubi
1545 1377 1737 1433 Regula
1757 1377 1848 1421 est:
1875 1378 2050 1432 ficque
2070 1390 2222 1433 quar-

101 1452 143 1487 15
428 1447 513 1488 tus
532 1444 749 1500 peratsta
763 1446 1072 1501 operatione
1094 1447 1240 1491 solita
1257 1447 1493 1492 ostendet
1513 1449 1804 1503 quaefitum.
1818 1449 2021 1492 Verum
2041 1449 2160 1494 haec

491 1516 771 1561 Nonniana
796 1518 932 1562 ratio
953 1529 1062 1562 non
1082 1517 1153 1562 est
1173 1518 1436 1563 sufficiens
1461 1519 1515 1562 in
1540 1519 1713 1574 praxi:
1742 1531 1914 1574 neque
1939 1520 2101 1564 habet

769 1588 823 1631 in
841 1588 1038 1633 recessu
1060 1590 1203 1644 quod
1222 1590 1276 1633 in
1295 1589 1501 1634 acoessu
1520 1591 1817 1645 pollicetur:

983 1659 1059 1703 uti
1077 1660 1371 1716 experiunti
1389 1661 1604 1717 patebit.

1959 3441 2392 3506 QVADRANS
