2638 3952
232 274 286 324 14
444 271 1054 325 ASTRONOMIAE
1081 271 1646 325 INSTAURATAE
1672 272 2221 326 MECHANICA

232 411 397 455 lubitu
419 411 891 467 cIrcumgyrantur.
913 411 1084 466 Atque
1101 412 1220 455 haec
1236 412 1301 455 de
1317 411 1623 463 Quadrante
1638 411 1847 466 eiusque
1862 411 2107 466 pedestali
2122 412 2432 467 generaliter

231 482 462 525 indicata
484 482 647 526 sunto.

303 553 437 605 Quae
467 556 646 597 autem
675 553 1005 608 aliquatenus
1033 553 1211 596 visitur
1241 554 1378 597 intra
1407 554 1658 597 Centrum
1687 554 1728 596 ἃ
1757 552 2037 597 minimum
2066 553 2431 605 Quadrantem

231 622 435 679 pictura
455 625 554 667 LK
574 624 817 668 circulari
837 624 1013 668 forma
1034 625 1443 679 comprehensa;
1473 628 1691 669 ornatus
1718 624 1876 668 causa
1897 627 2013 667 tum
2035 636 2246 679 quoque
2265 627 2323 667 ut
2342 624 2431 667 sua

233 694 645 750 Hieroglyphica
671 695 1044 750 significatione
1072 695 1342 750 quidpiam
1369 697 1575 747 doceat,
1604 696 1872 750 exsculpta
1898 695 1990 747 est;
2019 707 2143 739 cum
2171 695 2301 739 alias
2324 695 2433 750 spa-

230 766 363 809 tium
376 766 429 809 id
444 766 580 810 foret
593 778 841 810 vacuum.
865 766 924 809 In
942 768 1046 820 qua
1061 765 1373 821 figuratione
1387 766 1462 822 (ut
1475 767 1517 810 8ι
1531 766 1635 810 hoc
1652 766 1822 810 obiter
1835 765 2083 824 indicem)
2097 766 2167 810 ad
2181 766 2432 810 arborem

233 838 398 881 altera
418 840 568 892 parte
587 837 811 880 viridem
832 837 873 880 δι
893 836 1200 881 frondosam
1221 836 1428 880 Iuvenis
1448 838 1630 881 laurea
1649 837 1928 892 insignitus,
1949 837 2003 880 in
2023 838 2285 892 quadrato
2306 837 2432 881 saxo

233 909 389 960 sedet,
412 909 453 951 81
472 910 578 952 una
598 920 762 951 manu
783 908 1013 952 Globum
1035 908 1307 951 Coelestem
1326 910 1484 960 tenet,
1507 909 1673 952 altera
1693 908 1885 952 librum
1902 908 1955 951 in
1968 907 2121 951 viridi
2140 908 2302 951 etiam
2322 920 2441 963 gran

232 979 394 1031 mine;
418 979 458 1021 8ι
478 978 655 1022 herbis
675 978 912 1022 radicem
933 979 1139 1023 arboris
1160 979 1523 1034 obtegentibus
1543 979 1705 1034 pedes
1725 979 2028 1023 extendens.
2054 979 2133 1022 Ab
2155 979 2273 1029 alia,
2295 979 2433 1022 laeva

232 1049 475 1093 videlicet
499 1050 717 1094 Arboris
742 1053 893 1104 parte
922 1050 1075 1093 radix
1104 1050 1377 1094 emarcida
1406 1050 1492 1102 est,
1524 1051 1565 1093 81
1593 1050 1810 1094 frondes
1840 1049 2049 1101 steriles,
2078 1049 2321 1106 folijsque
2350 1060 2434 1093 ca-

232 1124 428 1164 rentes:
456 1121 592 1164 inter
617 1133 738 1175 quae
764 1121 945 1164 mensa
970 1121 1150 1173 existit,
1178 1120 1383 1164 habens
1409 1133 1438 1165 e
1464 1121 1669 1176 singulis
1695 1121 1833 1164 ferre
1860 1120 2076 1175 aliquid;
2107 1132 2227 1175 quae
2252 1120 2305 1163 in
2330 1120 2432 1163 hac

230 1191 458 1235 terrestri
483 1192 638 1235 scena
664 1204 696 1235 a
722 1191 1035 1235 mortalibus
1063 1192 1116 1234 in
1140 1191 1309 1247 pretio
1331 1191 1614 1244 habentur3
1644 1192 1820 1247 qualia
1841 1192 1974 1235 sunt:
2003 1191 2182 1235 cistula
2202 1191 2434 1234 nummis

232 1262 442 1314 referta,
470 1263 706 1317 Sceptra,
735 1263 976 1315 Coronae,
998 1263 1163 1306 Arma
1183 1262 1446 1318 gentilitia,
1467 1263 1703 1318 Torques
1724 1263 1886 1315 aurei,
1916 1263 2175 1314 Gemmae,
2204 1261 2434 1305 Mundus

232 1334 518 1386 muliebris,
548 1335 756 1385 Pocula,
788 1334 1015 1385 Chartae,
1045 1333 1280 1385 Tesserae,
1313 1336 1472 1388 atque
1499 1334 1581 1377 his
1612 1334 1815 1377 similia:
1848 1346 1969 1388 quae
1996 1333 2177 1377 omnia
2207 1333 2435 1377 sceleton

234 1405 523 1459 quoddam,
551 1408 781 1448 mortem
808 1404 1206 1459 repraesentans,
1235 1404 1481 1448 manibus
1506 1404 1832 1460 pedibusque
1859 1405 2171 1456 circumdat,
2201 1404 2343 1458 quasi
2369 1415 2434 1447 ea

233 1476 303 1519 ad
328 1476 379 1519 se
405 1476 590 1530 rapiat.
619 1475 1039 1530 suprascriptum
1059 1487 1188 1519 vero
1211 1475 1281 1518 est
1299 1475 1397 1519 toti
1421 1475 1607 1530 figurae
1633 1475 2034 1527 hemistichium,
2063 1475 2207 1530 quod
2233 1474 2436 1518 sensum

231 1547 586 1602 Allegoricum
608 1547 876 1601 explanat:
905 1546 1194 1589 VIVIMVS
1221 1546 1505 1590 INGENIO
1527 1547 1805 1590 COETERA
1826 1546 2071 1590 MORTIS
2098 1545 2335 1588 ERVNT:
2363 1545 2436 1588 ita

231 1620 289 1660 ut
307 1618 453 1673 prior
471 1629 596 1672 pars
616 1617 921 1674 hemistichij
940 1630 972 1660 a
987 1618 1206 1661 dextera
1221 1617 1261 1659 81
1276 1617 1428 1661 viridi
1447 1618 1654 1662 arboris
1673 1621 1825 1673 parte
1844 1617 1935 1661 ubi
1948 1617 2155 1673 Juvenis
2174 1616 2258 1660 ille
2274 1616 2437 1660 Philo-

233 1689 460 1743 sophans
481 1689 637 1740 sedet,
658 1691 916 1743 tanquam
935 1690 989 1731 in
1008 1688 1201 1732 scheda
1223 1688 1412 1743 scripta
1433 1700 1462 1732 e
1482 1689 1645 1733 ramis
1666 1689 1982 1744 dependeat:
2011 1689 2194 1740 altera,
2217 1688 2435 1742 sequens

232 1759 537 1815 hemistichij
568 1759 757 1814 portio.
790 1759 990 1811 Quibus
1018 1759 1236 1803 innuere
1262 1760 1526 1804 voluimus
1553 1760 1774 1805 solidam
1800 1759 2112 1812 doctrinam,
2143 1758 2436 1814 praesertim

232 1842 411 1874 rerum
433 1830 727 1874 Coelestium
747 1830 1024 1874 sublimem
1045 1830 1417 1886 cognitionem,
1444 1831 1569 1876 vitae
1591 1832 1631 1875 81
1653 1831 1932 1875 memoriae
1952 1830 2358 1886 perpetuitatem
2383 1829 2437 1873 in

232 1901 371 1945 hisce
396 1902 548 1945 terris
574 1901 768 1957 largiri:
799 1902 1011 1956 Reliqua
1033 1902 1214 1945 omnia
1232 1902 1425 1947 frivola
1445 1903 1486 1946 81
1507 1903 1714 1947 caduca
1735 1902 1854 1954 esse;
1884 1906 2042 1957 atque
2068 1913 2175 1945 una
2195 1913 2320 1945 cum
2346 1900 2438 1944 ho-

231 1972 386 2015 minis
407 1984 633 2027 corpore
652 1972 878 2016 interire.
903 1972 1129 2025 Quando
1145 1985 1274 2017 vero
1289 1974 1643 2017 aeternitatem
1659 1974 1815 2029 Regni
1829 1974 2098 2017 Coelorum
2113 1971 2434 2028 respicimus,

230 2046 356 2087 tunc
385 2043 504 2087 haec
533 2043 658 2098 ipsa,
691 2056 811 2098 quae
841 2055 981 2087 nunc
1010 2056 1042 2086 a
1067 2044 1247 2088 viridis
1277 2045 1483 2088 arboris
1510 2048 1661 2100 parte
1687 2045 1815 2097 sunt,
1846 2045 1899 2087 in
1927 2043 2270 2099 posteriorem
2298 2045 2437 2086 tran-

231 2114 397 2157 seunt:
424 2114 677 2169 liquidem
697 2114 828 2158 finiti
848 2114 1095 2157 &infiniti
1114 2116 1257 2158 nulla
1279 2116 1432 2159 detur
1451 2116 1739 2171 proportio.
1761 2116 2010 2170 Tuncque
2032 2115 2182 2158 aliter
2201 2116 2438 2157 mutatur

231 2185 615 2229 hemistichium
647 2186 968 2241 inscriptum,
1003 2185 1251 2230 nimirum
1286 2187 1369 2230 fic.
1398 2187 1687 2230 VIVIMVS
1721 2187 1792 2230 IN
1825 2186 2124 2238 CHRISTO,
2159 2184 2436 2228 COETERA

233 2256 478 2299 MORTIS
500 2257 737 2309 ERVNT3
759 2257 832 2300 ita
851 2259 909 2299 ut
928 2256 1074 2311 prior
1091 2269 1217 2311 pars
1237 2258 1417 2302 arbori
1430 2258 1598 2310 viridi,
1621 2259 1788 2301 altera
1806 2257 1958 2302 sterili
1975 2258 2270 2312 adaptetur.
2294 2256 2437 2298 Intra

229 2327 453 2370 viridem
483 2330 663 2371 autem
690 2327 896 2372 arboris
923 2327 1118 2371 faciem
1146 2327 1327 2372 Christi
1351 2328 1477 2372 vitae
1504 2330 1544 2371 81
1573 2328 1829 2373 doctrinae
1857 2327 2271 2384 Hieroglyphica
2297 2338 2438 2381 quae-

231 2399 357 2441 dam
377 2398 626 2442 indicatio
648 2398 734 2442 est.
758 2398 963 2442 Caetera
983 2402 1216 2451 manent,
1238 2402 1297 2442 ut
1317 2403 1495 2444 antea:
1517 2400 1608 2443 nisi
1624 2401 1768 2455 quod
1782 2398 2038 2443 dotstrinae
2052 2398 2436 2442 &inventiones

232 2469 484 2513 humanae
513 2470 674 2514 etiam
700 2470 753 2513 in
778 2471 974 2512 laevam
1001 2470 1043 2512 81
1068 2470 1411 2524 posteriorem
1442 2471 1663 2523 arboris,
1695 2471 1920 2515 sterilem
1948 2470 2198 2513 nimirum
2226 2472 2434 2525 partem

231 2544 465 2596 vergant.
488 2541 689 2593 Quibus
705 2540 986 2592 innuimus,
1008 2540 1133 2583 nihil
1147 2541 1421 2585 hominem
1435 2542 1611 2594 beare,
1635 2542 1675 2584 81
1694 2541 2094 2585 immortalitate
2107 2541 2161 2584 in
2174 2543 2435 2584 aeternum

233 2612 434 2654 donare
454 2612 609 2666 poBe,
631 2614 827 2667 praeter
847 2611 1097 2654 meritum
1117 2611 1204 2668 filij
1228 2612 1326 2655 Dei
1341 2612 1521 2656 Christi
1540 2612 1908 2667 redemptoris,
1930 2612 2146 2667 eiusque
2167 2610 2435 2655 Dodtrinae

233 2682 274 2724 8ι
293 2682 418 2726 vitae
440 2682 846 2726 observantiam.
869 2681 1003 2734 Quae
1025 2682 1220 2737 lingula
1239 2682 1342 2734 hic,
1371 2683 1492 2727 licet
1510 2684 1649 2727 forte
1670 2683 1802 2727 citra
1822 2695 1953 2736 rem,
1976 2684 2044 2728 ob
2065 2681 2327 2738 picturam
2348 2682 2437 2725 ad-

226 2751 464 2809 junctam
491 2764 757 2808 exponere
782 2752 963 2796 lubuit.
991 2753 1071 2796 Ab
1100 2754 1265 2796 altera
1287 2753 1607 2805 Quadrantis
1633 2757 1784 2810 parte
1804 2755 1987 2798 Canon
2010 2753 2207 2809 ziphris
2233 2752 2435 2797 excisus

234 2824 319 2875 est,
346 2824 433 2878 qui
454 2824 674 2868 minimo
695 2823 904 2879 negotio
926 2823 1161 2876 ostendit,
1191 2824 1315 2879 quid
1335 2825 1530 2880 singula
1550 2824 1744 2880 puncta
1766 2825 2062 2869 Nonnianae
2081 2824 2166 2882 (de
2187 2826 2292 2879 qua
2311 2823 2436 2881 dixi)

234 2894 509 2938 Divifionis
528 2895 583 2938 in
601 2895 972 2938 Altitudinibus
994 2894 1222 2949 quaesitis
1242 2895 1541 2939 exhibeant.

303 2965 470 3008 VSVS
491 2965 645 3021 huJus
660 2965 981 3018 Quadrantis
996 2965 1134 3009 estin
1148 2965 1417 3021 capiendis
1433 2966 1695 3010 stellarum
1711 2966 1752 3009 δι
1768 2966 2134 3010 Luminarium
2148 2965 2437 3009 Altitudini-

234 3036 352 3088 bus;
382 3037 596 3091 quando
617 3048 725 3080 non
745 3036 951 3080 summa
970 3035 1253 3091 requiritur
1270 3037 1526 3092 praecifio,
1553 3038 1626 3081 ita
1649 3040 1707 3081 ut
1725 3038 1863 3081 intra
1883 3038 1989 3081 duo
2009 3038 2094 3080 vel
2112 3037 2214 3080 tria
2233 3036 2436 3080 minuta

234 3107 374 3151 hanc
404 3107 532 3151 scire
563 3107 799 3151 sufficiat.
834 3107 1100 3162 Dirigatur
1130 3106 1308 3162 itaque
1335 3110 1461 3152 tunc
1493 3110 1711 3164 planum
1742 3107 2062 3161 Quadrantis
2090 3107 2270 3151 versus
2298 3107 2436 3150 sidus

236 3178 625 3221 observandum
651 3179 692 3221 δι
718 3177 815 3222 rite
845 3177 1149 3233 disponatur
1176 3189 1272 3233 per
1300 3178 1418 3222 suas
1447 3179 1712 3232 cochleas,
1742 3179 1818 3223 uti
1845 3178 1989 3234 prius
2018 3177 2233 3230 dictum,
2263 3178 2434 3221 donec

234 3248 669 3302 perpendiculum
700 3248 952 3292 monstret
984 3248 1166 3292 omnia
1197 3248 1294 3292 rite
1327 3249 1580 3294 constare.
1613 3237 1951 3304 Tollaturque
1981 3252 2124 3301 tunc,
2156 3249 2242 3292 vel
2270 3247 2437 3303 depri-

236 3321 415 3361 matur
435 3319 625 3374 Regula
643 3319 761 3371 AD,
789 3319 960 3364 donec
987 3320 1124 3363 sidus
1149 3330 1245 3374 per
1271 3318 1537 3364 foramina
1557 3323 1648 3364 aut
1667 3320 1885 3364 rimulas
1905 3321 2235 3375 dioptrarum
2257 3330 2436 3363 cerna-

2323 3398 2433 3452 tur,

2487 1057 2529 1092 10

2488 1412 2529 1446 15

2485 1767 2531 1802 20

2485 2122 2531 2158 25
