2638 3952
260 307 329 358 22
473 305 1084 360 ASTRONOMIAE
1110 305 1678 361 INSTAURATAE
1704 306 2255 362 MECHANICA

260 446 459 490 drantis
484 446 679 502 ubique
707 446 936 502 adJ’acet:
965 447 1101 491 adeo
1126 450 1184 491 ut
1209 447 1373 492 etiam
1397 446 1630 491 inferiori
1651 447 1742 490 sua
1760 449 1928 502 parte,
1948 447 2035 490 AS
2056 450 2160 503 qua
2179 448 2459 503 prominet,

261 518 487 562 eandem
507 517 778 573 planitiem
800 517 984 562 exacte
1003 518 1260 573 respiciat,
1282 519 1322 562 ἃ
1343 519 1568 574 dioptrae
1589 530 1714 562 cum
1730 517 1830 561 suis
1842 517 2154 575 pinnacidijs
2166 519 2289 564 huic
2304 520 2462 575 aequi-

261 589 459 642 distent,
479 591 595 632 tum
616 600 827 644 quoque
842 589 1271 645 orthogonaliter
1288 590 1535 634 insistant:
1557 589 1701 632 Alias
1719 588 1860 632 enim
1874 588 2282 634 Azimuthorum
2301 591 2377 648 (ut
2396 591 2462 635 de

259 660 631 704 Altitudinibus
650 672 758 705 non
778 661 975 718 dicam)
995 664 1250 705 accurata
1263 661 1379 705 fieri
1391 661 1630 716 nequiret
1643 659 2004 715 perscrutatio.
2027 659 2267 706 Horizon
2281 665 2463 707 autem

260 732 609 775 Azimuthalis
634 731 719 789 (de
740 743 845 787 quo
867 732 991 790 dixi)
1015 733 1153 776 infra
1174 732 1539 785 Quadrantem
1563 731 1799 783 existens,
1829 730 2071 786 adeoque
2089 731 2259 787 ipsum
2278 732 2463 777 susten-

259 806 394 856 tans,
421 815 517 858 per
542 803 734 846 GHIK
760 803 1085 858 exprimitur,
1112 803 1317 848 habens
1342 803 1396 847 in
1422 803 1472 847 se
1498 801 1804 847 decussatim
1830 802 1900 845 ad
1926 803 2146 858 angulos
2171 802 2345 848 rectos
2367 803 2464 848 ful-

261 874 473 927 cimina,
500 877 559 918 ut
577 886 642 918 eo
662 874 868 919 firmior
892 878 1220 930 permaneat,
1249 877 1409 930 atque
1429 875 1574 918 circa
1596 874 1791 917 horum
1812 874 2031 928 angulos
2051 885 2383 927 communes,
2410 875 2464 920 in

261 949 444 990 centro
465 946 716 989 nimirum
737 946 967 1001 eJusdem
989 946 1347 991 Horizontalis
1368 946 1550 990 circuli
1571 945 1852 998 Quadrans
1873 944 2105 988 totaliter
2129 945 2184 989 in
2210 946 2463 1002 adaptata

260 1018 406 1062 isthic
440 1018 613 1061 canali
643 1019 964 1062 revolvatur.
1000 1017 1178 1062 Habet
1207 1018 1416 1073 insuper
1440 1018 1593 1073 juxta
1624 1015 1985 1061 extremitates
2017 1017 2310 1061 earundem
2341 1029 2464 1063 con-

260 1089 608 1146 tignationum
635 1092 865 1144 quatuor
893 1090 1144 1134 cochleas
1173 1089 1396 1142 MNOP,
1428 1089 1617 1144 quibus
1644 1091 1787 1132 totus
1814 1087 2055 1140 horizon,
2087 1088 2330 1144 adeoque
2356 1089 2463 1145 ipse

262 1161 543 1214 Quadrans
562 1160 635 1204 illi
654 1160 898 1214 infistenS,
920 1161 994 1204 ita
1014 1161 1318 1217 dirigantur,
1338 1164 1397 1204 ut
1415 1160 1502 1204 hic
1522 1161 1741 1216 planum
1757 1159 1947 1203 Circuli
1959 1159 2225 1204 verticalis
2240 1159 2465 1216 cujusvis

263 1233 332 1276 ad
358 1232 598 1275 amussim
623 1231 876 1276 imitetur:
909 1233 1000 1276 Ille
1026 1244 1154 1276 vero
1181 1232 1534 1288 aequilibrium
1562 1229 1887 1275 Horizontis:
1921 1242 2027 1285 quo
2052 1231 2319 1287 utriusque
2343 1231 2466 1276 usus

260 1307 375 1347 tam
402 1303 580 1358 quoad
605 1302 917 1347 Altitudines
945 1316 1108 1359 quam
1133 1303 1419 1347 Azimutha
1448 1303 1545 1347 rite
1571 1302 1784 1347 constet.
1819 1302 2011 1357 Regula
2036 1301 2204 1358 (cujus
2229 1302 2466 1346 nonnihil

263 1378 420 1419 antea
447 1374 683 1431 memini)
708 1374 798 1429 ipfi
820 1374 1115 1426 Quadranti
1140 1374 1407 1430 applicata
1433 1374 1567 1418 SVT
1594 1373 1786 1418 eodem
1811 1373 1975 1418 modo
2003 1373 2053 1417 se
2079 1373 2257 1426 habet,
2286 1374 2466 1429 quoad

262 1447 352 1490 sua
379 1446 587 1501 dioptra
614 1446 655 1489 81
681 1445 998 1500 pinnacidia‚
1027 1446 1485 1500 quemadmodum
1509 1445 1563 1488 in
1587 1444 1751 1500 priori
1774 1444 2067 1488 indicatum
2094 1444 2180 1498 est,
2207 1444 2298 1489 nili
2322 1446 2466 1500 quod

261 1517 477 1562 inferius
491 1517 643 1573 juxta
663 1517 931 1572 dioptram
951 1517 984 1559 S
1004 1517 1203 1560 habeat
1223 1518 1357 1561 duas
1381 1517 1549 1570 ansas,
1579 1516 1768 1572 quibus
1795 1516 2081 1560 commode
2108 1528 2273 1560 manu
2299 1516 2466 1561 attolli

263 1590 303 1632 81
334 1588 557 1644 deprimi
588 1591 762 1643 queat,
796 1591 954 1643 prout
982 1587 1215 1632 Altitudo
1246 1588 1579 1632 observanda
1609 1587 1845 1642 requirit:
1879 1589 1994 1630 tum
2027 1598 2255 1643 quoque,
2287 1590 2346 1631 ut
2375 1587 2466 1632 suo

262 1660 496 1715 pondere
523 1661 749 1703 alteram
776 1660 983 1715 Regulae
1009 1662 1218 1714 partem
1242 1659 1328 1703 TA
1355 1660 1499 1715 quafi
1525 1659 1578 1703 in
1604 1657 1898 1714 aequilibrio
1925 1658 2171 1702 detineat.
2200 1658 2466 1703 Caeterum

260 1731 433 1775 insistit
454 1734 627 1775 totum
654 1731 758 1775 hoc
780 1730 1188 1774 Instrumentum
1207 1730 1368 1786 lapidi
1389 1730 1664 1783 Quadrato
1686 1729 2017 1784 aliquatenus
2035 1729 2090 1773 in
2108 1730 2362 1775 lateribus
2381 1742 2467 1775 ex-

262 1805 472 1855 cavato,
501 1802 884 1846 commodioris
909 1801 1031 1845 usus
1057 1801 1240 1857 gratia,
1271 1802 1360 1857 qui
1384 1813 1479 1857 per
1504 1802 1713 1845 literam
1734 1800 1779 1853 Q
1800 1800 2125 1856 exprimitur.
2155 1801 2204 1846 Is
2223 1813 2353 1846 vero
2380 1813 2466 1847 co-

261 1875 459 1917 lumnae
486 1873 711 1928 lapideae
733 1874 770 1916 R
789 1872 1013 1916 firmiter
1031 1873 1280 1926 innititur,
1308 1873 1383 1917 uti
1408 1873 1516 1928 ipsa
1541 1873 1712 1929 figura
1737 1872 1857 1916 haec
1878 1872 1999 1916 satis
2025 1872 2260 1917 ostendit.
2290 1873 2467 1918 Habet

261 1945 346 1989 hic
369 1945 650 1997 Quadrans
676 1956 788 2000 prae
816 1944 1148 1989 antecedenti
1173 1944 1226 1988 in
1252 1944 1343 1988 sua
1367 1944 1575 1989 fabrica
1599 1944 1654 1988 id
1679 1943 2092 1997 commoditatis,
2121 1944 2264 1999 quod
2288 1947 2402 1988 tam
2421 1945 2466 1989 is

263 2029 425 2072 quam
453 2016 692 2061 Horizon
718 2016 803 2060 cui
827 2015 1016 2069 insistit,
1048 2016 1334 2072 omniaque
1362 2016 1564 2071 reliqua
1593 2015 1698 2059 huc
1725 2014 2039 2071 pertinentia
2064 2014 2219 2059 facile
2245 2015 2466 2072 disjungi

263 2091 420 2143 atque
445 2088 638 2132 iterum
663 2087 798 2131 inter
825 2088 874 2131 se
901 2088 1152 2143 componi
1179 2091 1390 2143 queant,
1419 2099 1524 2143 quo
1547 2087 1615 2131 ab
1635 2098 1743 2131 uno
1762 2088 1884 2131 loco
1903 2086 1958 2130 in
1979 2086 2143 2130 alium
2162 2087 2464 2142 portationi,

262 2159 596 2204 convenienti
614 2159 773 2203 theca
792 2159 1014 2203 idoneus
1034 2160 1108 2212 fit,
1131 2171 1255 2204 cum
1276 2159 1438 2203 etiam
1452 2171 1560 2204 non
1572 2161 1652 2203 tot
1665 2157 1864 2203 constet
1877 2157 2115 2213 partibus
2129 2161 2289 2214 atque
2302 2158 2463 2214 prior,

262 2232 303 2274 ἃ
327 2231 415 2274 hae
442 2230 729 2275 cochleolis
755 2230 879 2275 hinc
905 2231 1027 2274 inde
1053 2231 1305 2286 dispositis
1330 2243 1438 2275 non
1466 2231 1648 2275 saltem
1675 2228 2093 2286 disjunctionem,
2126 2229 2213 2274 sed
2242 2229 2283 2272 δι
2312 2229 2468 2274 facile

261 2303 473 2358 pariter,
495 2306 552 2346 ut
573 2305 746 2354 antea,
770 2302 1209 2357 compositionem
1230 2302 1514 2346 admittant
1532 2301 1762 2346 eandem
1782 2301 1939 2356 plane
1955 2313 2118 2356 quam
2132 2300 2298 2356 prius:
2321 2301 2467 2345 ldeo-

264 2386 365 2429 que
385 2375 527 2418 hunc
549 2374 915 2426 Quadrantem
935 2373 1346 2425 Azimuthalem,
1370 2374 1637 2428 appellare
1658 2373 1798 2416 soleo
1818 2372 2135 2427 portatilem.

336 2445 509 2489 USUS
530 2446 641 2501 eJ’us
662 2457 787 2488 cum
808 2444 970 2500 priori
989 2444 1266 2488 uniformis
1287 2444 1431 2489 estin
1451 2444 1697 2489 omnibus
1715 2443 1793 2500 ijs,
1816 2455 1937 2499 quae
1957 2455 2052 2499 per
2070 2442 2382 2487 Altitudines
2403 2454 2467 2487 ac

263 2516 548 2560 Azimutha
572 2516 903 2560 observanda
924 2516 965 2558 81
986 2516 1320 2560 Geometrice
1347 2515 1773 2567 demonstranda,
1802 2518 1961 2570 atque
1986 2514 2110 2558 hinc
2136 2514 2190 2558 in
2215 2525 2468 2559 numeros

264 2588 574 2631 resolvenda
603 2588 834 2631 veniunt.
870 2587 1152 2631 Sciendum
1183 2587 1539 2639 nihilominus,
1574 2587 1717 2641 quod
1749 2586 1889 2630 hisce
1919 2585 2127 2630 duobus
2157 2585 2469 2638 Quadranti-

264 2661 378 2711 bus‚
409 2659 501 2703 ubi
529 2657 849 2702 exad'tissima
879 2659 1176 2702 observatio
1205 2659 1258 2702 in
1289 2658 1522 2713 aliquota
1550 2658 1736 2701 minuti
1761 2660 1912 2713 parte
1937 2656 2234 2712 requiritur,
2265 2668 2372 2701 non
2397 2657 2469 2700 ni-

264 2731 434 2774 mium
460 2730 558 2774 esse
584 2730 879 2773 fidendum:
913 2731 1095 2785 quales
1123 2730 1237 2773 sunt
1263 2730 1384 2782 illae,
1416 2742 1537 2784 quae
1563 2729 1759 2773 Solaris
1789 2728 2036 2773 curriculi
2063 2728 2370 2773 restitutioni
2396 2727 2469 2772 in-

264 2802 509 2854 serviunt,
531 2801 621 2845 ubi
640 2813 725 2845 res
746 2801 890 2845 circa
912 2801 1132 2845 minima
1148 2801 1401 2853 versatur,
1424 2804 1582 2855 atque
1604 2801 1779 2853 sextae,
1800 2801 1886 2845 vel
1908 2800 1977 2844 ad
1997 2799 2278 2843 minimum
2296 2798 2468 2843 tertiae

265 2873 429 2929 partis
448 2873 602 2916 unius
622 2872 810 2916 minuti
829 2873 1194 2927 praecifionem
1210 2872 1447 2927 requirit;
1471 2884 1635 2926 quam
1646 2875 1762 2915 tam
1776 2883 1945 2927 parva
1959 2871 2324 2924 Instrumenta,
2347 2882 2468 2926 quae

265 2957 431 2988 unum
445 2945 529 2987 vel
546 2944 939 2998 sesquialterum
953 2944 1191 2987 cubitum
1206 2942 1643 2998 complectuntur,
1663 2943 1912 2998 praestare
1925 2944 2213 2997 nequeunt:
2236 2942 2468 2996 Ideoque

267 3016 335 3059 ad
363 3016 572 3071 majora
601 3015 641 3057 81
669 3015 863 3059 talibus
892 3015 1061 3070 magis
1089 3014 1282 3058 idonea
1310 3026 1450 3058 nunc
1479 3026 1578 3059 nos
1610 3014 1973 3058 conferamus:
2008 3025 2130 3068 quae
2161 3024 2270 3057 non
2301 3012 2468 3056 solum

266 3087 422 3139 hanc,
452 3099 572 3141 quae
594 3087 737 3130 circa
758 3087 936 3130 Solem
956 3085 1253 3141 requiritur,
1282 3085 1633 3139 subtilitatem,
1663 3086 1750 3130 sed
1771 3086 1812 3129 81
1831 3083 2187 3129 Parallaxium
2208 3082 2469 3128 minutissi-

268 3170 480 3201 marum
505 3158 995 3213 pervestigationem
1022 3160 1180 3212 atque
1206 3156 1506 3200 discrimina
1531 3157 1586 3214 (fi
1613 3169 1718 3212 qua
1744 3156 1954 3214 fuerint)
1978 3155 2031 3199 in
2057 3154 2244 3210 quovis
2267 3153 2469 3199 Coelesti

267 3228 623 3272 Phaenomeno
653 3229 948 3284 expedient,
978 3231 1092 3271 tum
1122 3239 1334 3283 quoque
1362 3229 1530 3271 multa
1561 3228 1665 3271 alia
1690 3228 1743 3271 in
1769 3225 2222 3272 observationibus
2248 3228 2363 3278 tam
2392 3236 2469 3270 er-

267 3300 497 3343 rantium
519 3312 681 3354 quam
701 3299 1048 3344 inerrantium
1069 3299 1332 3343 stellarum
1354 3299 1782 3354 scrupulofissime
1807 3299 2056 3354 pandent.
2083 3297 2337 3352 Exempla
2358 3295 2469 3340 tali-

267 3383 359 3413 um
374 3371 725 3414 Parallaxium
739 3371 1005 3414 invenient
1018 3371 1211 3414 harum
1225 3382 1406 3414 rerum
1421 3369 1598 3425 cupidi
1609 3370 1664 3413 in
1678 3371 1844 3414 altero
1858 3369 2026 3413 Tomo
2040 3366 2469 3423 Progymnasma-

2341 3446 2469 3492 tum

2516 1095 2559 1131 10

2518 1451 2561 1487 15

2513 2164 2560 2200 2⁵

2516 2876 2564 2911 35
