2638 3952
250 311 318 363 62
461 309 1071 362 ASTRONOMIAE
1098 308 1663 362 INSTAURATAE
1690 310 2241 363 MECHANICA

251 450 387 494 stalis
408 449 528 493 satis
555 461 622 492 ex
646 449 755 504 ipsa
777 450 946 506 figura
965 449 1148 504 liquet:
1177 449 1268 493 ubi
1288 449 1539 504 quaedam
1566 451 1762 504 praeter
1780 448 2059 492 utilitatem
2080 450 2121 493 81
2142 451 2455 496 corrobora·

248 528 447 570 tionem
474 526 875 581 pulchritudinis
896 526 1069 570 caussa
1091 526 1272 570 addita
1292 526 1427 578 sunt;
1456 538 1577 580 quae
1596 529 1779 569 tamen
1800 526 1840 568 81
1859 525 1968 580 ipsa
1989 525 2296 571 fulcimenta
2323 539 2456 583 prae-

250 605 394 655 bent;
425 603 710 658 omniaque
734 615 800 647 ex
824 604 987 648 solido
1007 604 1100 661 (uti
1121 605 1161 647 8ι
1183 606 1340 647 antea
1361 601 1578 659 dictum)
1599 602 1837 646 constant
1856 602 2100 658 chalybe.
2116 604 2454 660 >Infimusque

249 681 330 724 his
357 680 639 724 substratus
667 681 902 725 Circulus
928 682 965 723 Z
993 681 1187 725 crassus
1217 681 1258 723 81
1285 680 1505 732 ferreus,
1538 693 1569 723 a
1600 683 1828 735 quatuor
1857 680 1957 723 suis
1982 680 2455 736 AEquidistantibus

248 759 379 803 locis
394 758 646 802 cochleas
660 758 842 802 habet:
866 758 1067 810 Quibus
1081 758 1134 801 in
1149 759 1411 813 quadrato
1426 757 1601 813 lapide
1616 757 2007 801 substernuntur
2021 759 2273 812 quaedam
2286 771 2455 814 parva

249 837 591 887 ferramenta,
618 838 675 878 ut
700 835 753 878 in
778 835 840 891 ijs
861 835 1098 879 cochleae
1125 835 1211 879 hae
1232 833 1613 879 circumduc‘tae
1631 837 1805 878 totum
1826 834 2233 879 Instrumentum
2253 848 2318 881 eo
2339 836 2455 880 diri-

249 917 387 969 gant,
417 924 522 968 quo
542 913 780 956 Armillae
807 913 1109 957 Coelestibus
1137 913 1378 968 analogae
1404 911 1695 966 requirunt:
1725 912 1888 967 quue
1913 913 2317 957 intermediante
2342 925 2455 969 per-

247 991 529 1046 pendiculo
551 990 649 1042 BT,
672 991 815 1044 quod
837 990 877 1032 81
897 991 1115 1045 planum
1137 989 1414 1033 meridiani
1430 988 1749 1033 Maechanici
1770 1001 1895 1033 cum
1911 989 2113 1034 Coelesti
2131 989 2258 1043 unit,
2281 990 2322 1034 81
2342 991 2453 1047 ejus

248 1068 455 1123 insuper
475 1067 860 1122 dispositionem
880 1067 1086 1112 ratione
1103 1067 1419 1111 Elevationis
1434 1066 1539 1111 Poli
1561 1066 1790 1110 ordinat:
1814 1067 2056 1121 adeoque
2077 1078 2265 1111 omnes
2283 1067 2454 1112 interi-

249 1156 368 1189 ores
394 1144 640 1188 Armillas
665 1144 966 1188 Coelestibus
991 1144 1223 1196 Circulis‚
1252 1155 1385 1199 quos
1411 1145 1747 1196 aemulantur,
1777 1145 2029 1200 analogas
2054 1145 2240 1189 reddit.
2268 1145 2453 1200 Estque

247 1225 360 1266 tota
380 1222 631 1266 machina
651 1222 704 1265 in
724 1222 891 1278 seipsa
912 1222 1032 1265 satis
1052 1221 1279 1273 robusta,
1302 1232 1400 1265 nec
1419 1220 1716 1265 alterationi
1730 1221 1884 1265 facile
1900 1221 2148 1275 obnoxia,
2171 1233 2295 1266 cum
2310 1223 2453 1266 undi-

248 1311 458 1354 quaque
480 1299 747 1343 metallica
768 1300 841 1343 fit.

320 1376 493 1421 USUS
515 1377 626 1432 ejus
646 1377 717 1422 est
738 1376 913 1421 fimilis
934 1388 1060 1420 cum
1080 1376 1257 1431 priori,
1279 1375 1369 1419 nifi
1385 1376 1528 1430 quod
1541 1376 1628 1419 hic
1643 1376 1911 1431 AEquator
1924 1388 2021 1432 pro
2036 1376 2200 1421 lubito
2216 1378 2453 1421 revolva-

245 1457 331 1497 tur
349 1454 486 1497 intra
508 1454 876 1498 Meridianum.
907 1453 1297 1497 Declinationes
1318 1452 1647 1508 accipiantur
1665 1453 1878 1508 pariter,
1902 1454 1977 1498 uti
1996 1454 2140 1509 prius
2159 1454 2214 1497 in
2232 1454 2451 1498 Armilla

246 1531 688 1583 Declinationum,
711 1532 853 1587 apud
873 1532 1024 1575 suum
1039 1531 1349 1586 Cylindrum
1362 1531 1514 1586 juxta
1528 1531 1573 1573 A
1587 1531 1878 1575 centralem
1899 1543 1993 1586 per
2012 1531 2313 1586 pinnacidia
2330 1542 2451 1576 con·-

245 1609 523 1652 venientia.
546 1609 881 1663 AEquatoriae
896 1608 1181 1660 Distantiae,
1205 1608 1308 1652 flue
1330 1608 1655 1652 ascensiones
1675 1606 1835 1652 recstae
1851 1608 1904 1651 in
1917 1608 2136 1652 Armilla
2150 1608 2450 1652 transversa

245 1686 539 1741 aequatoria
559 1690 717 1741 prout
731 1687 772 1729 81
787 1690 958 1738 antea,
982 1686 1071 1729 nisi
1094 1686 1237 1743 quod
1256 1685 1342 1729 hic
1364 1685 1475 1740 eJus
1489 1685 1725 1729 Armillae
1741 1685 2044 1740 Chalybeae,
2067 1698 2188 1741 quae
2201 1686 2300 1730 has
2313 1686 2450 1741 ipsas

245 1766 437 1819 portat,
466 1763 652 1819 aliquis
679 1764 840 1808 etiam
866 1764 986 1807 usus
1010 1764 1061 1806 in
1084 1763 1186 1807 hac
1211 1762 1540 1818 pragmateia
1560 1762 1659 1806 esse
1680 1766 1853 1817 queat.
1881 1763 2102 1807 Accedit
2120 1764 2162 1807 ἃ
2181 1763 2285 1808 hoc
2307 1774 2451 1808 com-

245 1841 406 1893 modi,
430 1841 572 1896 quod
593 1842 807 1896 quando
829 1841 971 1885 stella
992 1841 1170 1896 aliqua
1189 1840 1243 1884 in
1264 1840 1354 1883 sua
1374 1839 1551 1884 debita
1567 1840 1865 1884 ascensione
1878 1839 2022 1884 recta
2037 1841 2105 1885 fic
2121 1841 2448 1894 collineatur‚

243 1922 368 1962 tunc
401 1917 655 1973 pune‘tum
687 1919 974 1973 aequatoris
1005 1918 1358 1962 Meridianum
1389 1918 1644 1962 transiens
1674 1918 2030 1963 ascensionem
2059 1917 2260 1963 rectam
2289 1915 2445 1974 me'dij

246 1995 374 2039 Coeli
398 1995 607 2039 indicet.
637 1996 868 2050 Ideoque
893 1996 1055 2040 etiam
1081 1995 1380 2051 ipfissimum
1406 1995 1662 2051 temporis
1686 1998 2038 2049 momentum,
2066 1996 2275 2052 cognito
2302 1996 2450 2040 nimi-

244 2085 363 2116 rum
390 2074 510 2117 loco
538 2073 671 2117 Solis
698 2072 902 2124 exacto,
930 2073 1093 2117 veluti
1118 2085 1243 2116 eum
1269 2072 1460 2117 nostrae
1486 2072 1817 2128 suppeditant
1835 2073 2067 2117 Tabulae.
2095 2073 2260 2117 Potest
2286 2073 2448 2118 etiam

243 2150 331 2206 figi
352 2150 619 2205 AEquator
638 2150 691 2193 in
712 2150 1023 2203 Meridiano‚
1046 2151 1086 2194 81
1107 2151 1175 2195 fic
1196 2162 1292 2206 per
1310 2149 1670 2205 pinnacidium
1690 2150 1743 2193 in
1763 2150 1956 2194 eodem
1975 2153 2199 2203 motum,
2224 2150 2449 2207 cuiusvis

242 2227 374 2271 Astri
395 2227 462 2271 ab
484 2227 677 2271 eodem
698 2228 818 2283 capi
837 2227 1106 2280 Distantia,
1134 2227 1362 2282 hincque
1387 2227 1643 2283 temporis
1666 2230 2000 2271 momentum
2021 2228 2284 2284 cognosci;
2312 2228 2387 2272 uti
2407 2228 2448 2271 δι

243 2305 297 2348 in
316 2305 497 2359 priori:
527 2305 668 2360 quod
690 2308 847 2349 antea
866 2305 1101 2349 indicare
1122 2305 1290 2349 omifi:
1320 2306 1494 2360 licque
1514 2316 1609 2360 per
1627 2304 1746 2349 haec
1768 2305 1875 2349 duo
1895 2305 2243 2349 Instrumenta
2262 2305 2449 2349 Armil-

244 2382 377 2426 laria
400 2385 512 2426 tam
533 2382 873 2427 Ascenfiones
899 2381 1085 2435 rectas,
1118 2394 1282 2437 quam
1302 2381 1695 2426 Declinationes
1723 2394 1830 2425 una
1856 2393 1980 2426 cum
2005 2385 2311 2438 temporum
2338 2383 2449 2427 sub-

243 2459 476 2503 tilissimis
507 2459 807 2511 momentis,
849 2472 969 2515 quae
1002 2459 1184 2503 omnia
1215 2459 1269 2502 in
1298 2459 1676 2503 Astronomicis
1708 2459 2006 2503 maximum
2043 2460 2243 2504 habent
2273 2460 2445 2513 usum;

244 2537 456 2580 Coelitus
483 2536 711 2580 dimetiri
732 2537 1082 2580 commodum
1102 2536 1188 2581 est.
1216 2538 1368 2580 Plura
1394 2537 1459 2580 de
1485 2536 1640 2592 huJus
1661 2536 1857 2592 Organi
1877 2537 2080 2581 fabrica
2101 2537 2143 2580 ἃ
2162 2537 2256 2581 usu
2276 2538 2312 2581 fi
2332 2537 2448 2592 quis

243 2614 473 2669 requirit,
504 2613 741 2658 consulat
765 2614 1294 2669 Progymnasmatum
1320 2613 1810 2658 Astronomicorum
1835 2614 2064 2658 Tomum
2090 2615 2324 2659 nostrum
2349 2615 2450 2671 pri-

242 2703 393 2734 mum
426 2691 598 2746 capite
631 2691 876 2744 secundo,
918 2703 948 2734 a
987 2690 1177 2747 pagina
1215 2691 1327 2747 ejus
1364 2691 1466 2734 250.
1500 2691 1662 2746 usque
1699 2691 1751 2734 in
1789 2691 1891 2735 252.
1926 2693 2272 2747 completam:
2314 2692 2447 2745 Quae

242 2771 424 2811 tamen
451 2779 549 2823 pro
578 2768 769 2824 majori
795 2768 836 2811 ἃ
861 2767 1133 2823 praecipua
1162 2771 1314 2823 parte
1343 2768 1445 2820 hic,
1476 2771 1672 2823 praeter
1697 2769 1949 2823 quaedam
1980 2768 2099 2821 alia,
2131 2769 2449 2814 sufficienter

243 2845 475 2889 indicata
497 2845 625 2888 sunt.

315 2922 637 2978 Subjungam
657 2934 787 2966 vero
809 2923 850 2966 81
872 2922 993 2974 hoc,
1023 2922 1166 2977 quod
1191 2921 1278 2965 hae
1297 2922 1534 2967 Armillae
1561 2922 1717 2967 certis
1745 2923 1978 2967 cochleis
2005 2923 2225 2980 disjungi
2252 2926 2447 2979 queant

245 3011 308 3043 ac
335 2999 512 3043 rursus
538 2999 805 3054 componi.
833 2999 983 3043 Idem
1009 2999 1175 3054 potest
1199 2999 1316 3042 fieri
1339 2999 1393 3042 in
1417 2999 1528 3054 ipso
1549 2999 1822 3055 Chalybeo
1847 2999 2095 3056 pedestali
2122 3001 2226 3044 live
2252 3000 2443 3044 fulcro:

243 3076 315 3119 ita
328 3079 387 3119 ut
401 3077 687 3120 commode
706 3076 761 3120 in
781 3076 884 3120 alia
905 3077 1025 3120 loca
1044 3076 1310 3120 transvehi
1326 3080 1535 3131 queant.
1559 3077 1617 3120 Id
1638 3077 1782 3132 quod
1799 3077 1853 3120 in
1874 3077 2120 3121 omnibus
2137 3077 2447 3122 Instrumen-

242 3153 323 3204 tis‚
362 3153 662 3208 ubicunque
701 3154 805 3197 fine
843 3165 1032 3198 eorum
1064 3153 1380 3198 detrimento
1413 3153 1467 3197 id
1497 3153 1733 3209 praestari
1764 3154 1944 3209 potest,
1985 3154 2325 3198 efficiendum
2358 3154 2443 3198 est.

245 3229 521 3284 Oportebit
552 3230 694 3273 enim
722 3230 1096 3275 Astronomum
1129 3230 1227 3275 esse
1257 3227 1647 3283 κοςμοπολίτην,
1678 3231 1752 3274 ita
1783 3234 1855 3284 ut,
1890 3232 1925 3274 fi
1957 3231 2228 3275 necessitas
2256 3232 2298 3275 δι
2325 3231 2446 3275 usus

244 3306 479 3360 postulet,
508 3318 614 3351 non
639 3307 729 3350 uni
755 3307 912 3351 alicui
932 3307 1142 3363 Regioni
1166 3307 1238 3351 ita
1265 3306 1536 3352 adstrictus
1562 3308 1635 3360 fit,
1664 3308 1789 3363 quin
1815 3308 1918 3352 alio
1945 3308 2106 3352 etiam
2132 3308 2376 3364 migrare,
2405 3308 2446 3351 δι

245 3383 335 3426 sua
359 3383 537 3427 secum
564 3384 701 3428 ferre
722 3384 1070 3428 Instrumenta
1095 3384 1258 3429 libere
1279 3384 1580 3429 &lubenter
1598 3385 1723 3429 velit
1743 3386 1784 3428 ἃ
1804 3384 1966 3440 possit.
1996 3386 2129 3429 Cum
2155 3385 2295 3428 enim
2322 3396 2446 3440 pau-

2251 3465 2445 3517 cissimi

2503 767 2526 802 5

2507 1152 2549 1187 10

2503 1538 2545 1573 15

2498 1925 2544 1961 20

2497 2313 2543 2347 25

2495 3083 2542 3119 35
