2592 3964
577 244 1286 299 OBSERVATIONES
1314 246 1987 301 GEOGRAPHICAE
2286 252 2390 304 295

72 394 160 438 97v
258 385 535 451 Respedtu
554 387 966 452 Vranienburg
985 390 1048 439 in
1067 388 1265 440 media
1285 388 1531 441 Huaena
1550 389 1669 442 fitae

375 481 450 533 est
470 481 700 534 Hafnia
719 485 782 533 in
800 483 1082 534 Azimuto
1701 487 1774 538 17.
1850 487 1884 538 Ο
1923 487 2104 540 OCC.

469 552 799 618 Malmogia
1686 557 1772 608 30.
1847 558 1882 608 0
1984 558 2103 610 OR.

469 624 682 676 Lunda
1685 628 1771 679 54.
1811 628 1881 680 30
1985 630 2105 682 OR.

113 711 134 745 5
469 694 749 747 L’kronia
1682 699 1767 750 65.
1820 700 1877 751 15
1985 701 2104 753 OR.

469 765 860 831 Helfingburg
1680 772 1743 820 in
1763 770 1884 834 ipsa
1905 770 2057 835 Sept.
2079 772 2149 823 90

469 837 822 902 Helfingora
841 852 879 889 a
899 836 1052 901 Sept.
1681 841 1769 895 172}
1787 843 1851 893 in
1872 843 2142 894 occasum

186 932 642 985 Obseruationes
659 931 1063 984 distantiarum
1082 930 1546 985 horizontalium
1565 933 1734 987 fadtae
1754 937 1818 987 in
1838 935 1986 988 colle
2005 937 2312 996 Huenenfi
2330 942 2391 990 in

339 1001 495 1055 red'ta
514 1002 675 1055 linea
694 1005 845 1055 inter
866 1002 1261 1069 Malmogiam
1281 1004 1333 1056 &
1355 1004 1822 1059 obseruatorium
1840 1023 2097 1072 paruum
2117 1008 2235 1061 fito,

94 1113 136 1147 10
471 1097 627 1149 Inter
647 1097 941 1150 Hafniam
961 1098 1014 1150 &
1034 1098 1430 1164 Malmogiam
1925 1104 1998 1155 51.
2074 1104 2108 1155 0

469 1168 625 1221 Inter
645 1169 1040 1234 Malmogiam
1061 1169 1114 1221 81
1135 1170 1465 1223 Coroniam
1913 1174 1998 1226 44.
2074 1176 2108 1227 0

468 1240 626 1292 Inter
647 1239 976 1293 Coroniam
998 1240 1050 1293 81
1072 1240 1397 1294 Glomslbff
1911 1246 1996 1298 59.
2037 1246 2107 1298 30

469 1312 626 1364 Inter
646 1311 1144 1378 Helfingburgum
1165 1312 1217 1364 &
1239 1313 1565 1366 Glomslbff
1913 1317 1998 1369 50.
2038 1319 2107 1370 45

469 1383 626 1435 Inter
645 1383 893 1435 domum
914 1383 967 1435 ἀ
986 1383 1484 1451 Helfingburgum
1913 1388 1998 1441 27.
2039 1389 2109 1441 20

94 1493 135 1527 15
349 1478 505 1530 Inter
525 1477 738 1530 collem
758 1478 1184 1531 obseruationis
1205 1479 1258 1531 81
1278 1480 1745 1533 obseruatorium
1764 1498 2023 1546 paruum
2043 1486 2229 1548 passus

842 1553 1016 1614 parui
1035 1550 1193 1611 2300,
1213 1551 1393 1616 pedes
1412 1567 1555 1604 vero
1575 1552 1731 1606 4600.
1766 1549 1787 1621 ΙΙ

72 1722 154 1766 98r
329 1724 715 1767 DISTANTIAE
742 1725 813 1768 IN
838 1725 1036 1769 TURRI
1061 1726 1306 1769 TEMPLI
1335 1727 1796 1772 HELSINGORAE
1824 1730 2253 1775 OBSERUATAE.

108 1825 136 1868 ψ
469 1810 667 1862 Vester
685 1812 819 1863 naess
840 1827 910 1863 oc
930 1811 1176 1864 kircken
1195 1827 1313 1876 paa
1333 1813 1555 1866 Hueen
1962 1817 1998 1868 l.
2038 1817 2107 1875 58

469 1881 729 1934 Kircken
750 1898 819 1934 oc
839 1882 1065 1935 Vrania
1948 1888 1998 1939 4.
2038 1888 2107 1939 22

90 1967 136 2002 20
468 1953 694 2006 Vrania
714 1969 784 2005 oc
804 1954 1100 2006 Hammer
1947 1959 1997 2010 6.
2073 1960 2107 2010 4

468 2023 665 2076 Vester
684 2026 817 2077 naess
839 2040 908 2077 oc
928 2025 1154 2078 Vrania
1949 2030 1998 2082 6.
2038 2030 2108 2082 20

469 2095 729 2149 Kircken
749 2111 819 2148 oc
840 2097 1135 2149 Hammer
1926 2101 1998 2153 10.
2038 2101 2107 2153 26

468 2167 666 2219 Vester
683 2168 817 2220 naess
839 2183 908 2220 oc
929 2168 1225 2220 Hammer
1925 2172 1998 2224 12.
2038 2173 2106 2224 24

469 2238 858 2291 Landskrone
880 2255 950 2291 oc
970 2240 1195 2292 Vrania
1925 2244 1998 2296 17.
2074 2244 2106 2295 3

90 2324 136 2359 25
470 2309 858 2363 Landskrone
880 2326 949 2363 oc
970 2311 1265 2363 Hammer
1615 2326 1619 2330 “
1937 2316 1998 2366 11.
2073 2315 2107 2366 2

470 2381 858 2434 Landskrone
880 2397 949 2434 oc
971 2381 1299 2434 Glomslbff
1925 2386 1998 2437 12.
2037 2386 2107 2438 48

472 2451 798 2505 Glomslfiff
812 2469 882 2505 oc
901 2456 944 2505 it
962 2452 1097 2505 Trae
1119 2453 1384 2506 imellom
1402 2453 1632 2506 GlomS.
1650 2470 1719 2507 oc
1737 2456 1896 2508 Hels.
1937 2458 1997 2509 ll.
2037 2457 2106 2509 53

469 2523 859 2576 Landskrone
880 2539 950 2576 oc
969 2523 1150 2576 Traeit
1912 2528 1998 2580 24.
2038 2528 2106 2581 53

469 2593 650 2647 Traeit
670 2610 740 2647 oc
761 2595 1149 2661 Helfingborg
1912 2599 1997 2651 44.
2037 2599 2107 2651 32

90 2702 137 2738 30
470 2688 859 2742 Landskrone
880 2705 950 2742 oc
971 2689 1358 2756 Helfingborg
1911 2694 1996 2746 69.
2037 2695 2105 2748 25
2146 2690 2166 2763 ΙΙ

48 2868 184 2904 106883
229 2862 762 2908 OBSERVATIONES
788 2865 1174 2908 DISTANTIAE
1201 2864 1606 2910 HORIZONTIS
1632 2868 1746 2910 PER
1773 2869 2043 2913 RADIUM
2071 2869 2347 2913 ASTRON.

109 2940 137 2982 ἢ·
536 2934 774 2978 FACTAE
800 2935 1070 2980 STANDO
1098 2936 1169 2979 IN
1194 2936 1391 2981 TURRI
1416 2938 1603 2981 ARCIS
1631 2939 2045 2984 CRONEBURG.
2086 2977 2124 3013 G

2126 3004 2134 3012 .
2182 2978 2238 3012 Μ.

329 3019 486 3072 Inter
528 3020 969 3087 Vraniburgum
989 3021 1042 3073 &
1061 3022 1279 3074 Arcem
1302 3023 1656 3076 Landskron
2084 3027 2140 3078 17
2180 3026 2248 3078 35

329 3090 486 3143 Inter
529 3091 786 3144 Landsk.
807 3093 1025 3145 Arcem
1047 3092 1099 3145 &
1121 3094 1489 3147 orientalem
1507 3102 1736 3160 partem
1756 3096 1998 3148 Huenae
2097 3098 2141 3148 11
2179 3098 2250 3149 40

92 3176 138 3211 35
329 3161 486 3214 Inter
529 3162 785 3215 Landsk.
808 3163 860 3215 &
881 3163 1324 3217 occidentalem
1343 3173 1572 3230 partem
1592 3167 1834 3219 Huenae
2071 3168 2139 3220 23
2180 3169 2249 3220 50

329 3231 511 3297 Ipfius
530 3233 736 3286 insulae
757 3234 1041 3287 diameter
1061 3236 1135 3288 ab
1157 3242 1290 3288 ortu
1309 3239 1373 3288 in
1392 3253 1512 3289 occ.
2085 3239 2142 3290 12
2179 3239 2249 3291 40

330 3302 486 3355 Inter
530 3304 875 3357 occ.in1‘u1ae
897 3305 949 3357 &
968 3309 1302 3370 proximam
1324 3307 1667 3360 Selandiam
2085 3310 2142 3361 14
2179 3310 2249 3362 30

2236 3380 2390 3431 Inter
