2638 3952
252 295 321 347 58
462 293 1074 347 ASTRONOMIAE
1101 293 1667 347 INSTAURATAE
1693 294 2243 348 MECHANICA

249 434 411 477 habet
437 436 666 488 quatuor
689 433 991 488 pinnacidia
1017 433 1215 488 pariter
1239 432 1396 486 facta,
1423 437 1481 477 ut
1502 434 1555 477 in
1575 433 1770 488 priore:
1800 445 2028 488 quorum
2050 434 2155 478 duo
2178 435 2254 477 IK
2274 434 2328 477 in
2346 437 2452 478 una

250 511 562 555 semicirculi
586 514 736 566 parte
762 510 848 554 hic
875 510 1255 565 exprimuntur.
1285 510 1499 566 Reliqua
1525 512 1631 554 duo
1657 510 1711 553 in
1737 511 1903 554 altero
1929 510 2230 566 hemicyclo
2257 511 2454 566 pariter

250 587 583 644 intelligenda
602 588 833 632 veniunt.
862 587 1094 642 Suntque
1122 586 1303 631 omnia
1328 587 1630 642 pinnacidia
1650 599 1717 631 ex
1737 587 2021 631 Orichalco
2049 587 2255 645 affabre
2281 588 2455 633 elabo-

250 669 388 709 rata:
417 665 627 720 ipseque
648 664 971 709 Meridianus
993 667 1136 708 totus
1156 664 1227 708 est
1247 676 1276 708 e
1297 664 1460 709 solido
1482 664 1708 717 chalibe‚
1735 667 1793 707 ut
1819 664 2120 709 sustinendis
2145 665 2358 720 reliquis
2383 665 2455 708 in-

249 743 532 788 terioribus
558 743 616 786 fit
642 742 919 786 sufficiens.
947 741 1184 786 Armillae
1204 753 1334 786 vero
1361 742 1501 785 binae
1527 741 1835 785 decussatim
1860 742 1964 786 sese
1989 742 2128 786 intra
2152 742 2294 786 hunc
2317 745 2456 786 tran-

251 822 471 872 seunteS,
501 820 568 863 ab
589 818 860 874 posteriori
885 818 970 872 (de
991 821 1095 873 qua
1117 817 1333 876 dictum)
1353 819 1687 863 solummodo
1709 818 1783 862 sui
1807 822 1958 874 parte
1983 819 2182 863 lamina
2201 819 2326 863 forti
2346 818 2457 863 Ori-

251 898 491 942 chalcica
511 897 733 940 imbutae
754 897 883 948 sunt,
904 896 958 939 in
979 898 1083 951 qua
1103 896 1266 940 etiam
1287 895 1565 940 divisiones
1586 895 1827 949 existunt3
1851 896 2035 951 Neque
2049 896 2190 940 enim
2204 897 2458 952 undiqua-

252 986 354 1030 que
374 974 658 1018 Orichalco
681 972 1060 1018 circumducstae
1082 973 1211 1025 sunt,
1237 984 1342 1028 quo
1363 973 1537 1017 minus
1557 973 1816 1017 haberent
1834 972 2099 1029 ponderis.
2128 973 2257 1017 Sunt
2275 973 2459 1018 nihilo-

252 1052 426 1095 minus
462 1051 725 1095 asserculis
758 1051 938 1106 ligneis
969 1051 1022 1093 in
1052 1051 1339 1094 rotundam
1371 1053 1581 1106 partem
1613 1049 1827 1113 coactis,
1866 1051 1907 1094 ἃ
1939 1050 2296 1106 multipliciter
2329 1050 2459 1094 bitu-

250 1129 479 1181 minatis,
505 1129 578 1171 ita
599 1127 943 1172 artificialiter
962 1128 1287 1183 compositae,
1314 1131 1372 1171 ut
1394 1139 1502 1171 non
1522 1139 1588 1171 ex
1606 1139 1714 1171 uno
1735 1127 1899 1172 solido
1921 1127 2156 1172 constent
2181 1127 2342 1183 ligno;
2370 1128 2458 1172 sed

250 1206 486 1261 pluribus
511 1205 565 1248 in
591 1205 879 1260 oblongum
899 1205 1125 1249 tenuiter
1148 1205 1400 1260 levigatis,
1430 1208 1588 1260 atque
1607 1205 1710 1249 hac
1732 1204 1979 1249 cautione
1999 1204 2228 1248 invicem
2249 1204 2459 1260 aggluti-

251 1283 402 1336 natis,
423 1286 481 1327 ut
500 1286 657 1338 prout
675 1295 843 1326 unum
864 1283 1030 1327 crevit
1045 1282 1098 1325 in
1113 1283 1295 1335 altum,
1317 1282 1579 1337 reliquum
1595 1281 1864 1326 contrario
1878 1282 2042 1326 modo
2056 1281 2127 1325 illi
2141 1282 2455 1338 applicetur:

251 1363 314 1405 ea
340 1361 584 1404 videlicet
609 1363 775 1415 parte,
807 1372 929 1415 quae
955 1371 1219 1404 cacumen
1245 1360 1285 1403 81
1310 1360 1550 1403 radicem
1579 1359 1800 1414 respicit,
1828 1359 2102 1403 viceversa
2132 1359 2201 1403 ad
2228 1359 2458 1404 invicem

251 1439 599 1482 commutata
628 1437 710 1481 Sic
733 1437 874 1480 enim
895 1437 1218 1492 experientia
1239 1449 1327 1481 me
1347 1437 1542 1489 docuit,
1571 1437 1799 1492 ligneam
1820 1437 2103 1481 materiam
2121 1435 2459 1481 tractandam

250 1515 349 1559 esse
374 1526 472 1570 pro
494 1514 867 1566 Instrumentis,
895 1517 953 1557 ut
977 1513 1331 1558 incurvationi
1357 1514 1399 1558 81
1424 1513 1706 1558 mutationi
1731 1514 1906 1558 minus
1931 1514 2027 1558 sint
2053 1514 2301 1559 obnoxia.
2330 1515 2460 1558 Con-

251 1593 451 1636 ducunt
471 1595 651 1635 autem
674 1592 779 1635 huc
801 1603 867 1635 ex
888 1591 1135 1635 omnibus
1160 1591 1308 1646 lignis
1334 1591 1604 1646 praecipue
1624 1603 1691 1635 ex
1712 1592 1904 1636 arbore
1923 1592 2253 1648 Juglandum,
2281 1592 2322 1635 81
2348 1592 2459 1648 ejus

251 1669 439 1724 speciei
468 1669 669 1721 abietis,
702 1681 864 1723 quam
892 1669 1144 1713 Germani
1169 1668 1607 1712 Feuchtenholtz
1632 1671 1845 1720 vocant,
1876 1669 1912 1712 fi
1938 1668 2134 1713 viciosa
2163 1680 2271 1713 non
2297 1669 2392 1712 sint
2418 1668 2459 1711 81

251 1747 340 1790 diu
366 1747 644 1790 exsiccata.
671 1746 1009 1790 Postmodum
1034 1757 1164 1789 vero
1193 1746 1261 1789 fic
1288 1745 1449 1802 varijs
1474 1745 1740 1789 laminulis
1766 1745 1947 1801 ligneis
1973 1746 2348 1802 conglutinatae
2367 1746 2460 1789 Ar-

250 1824 429 1876 millae‚
464 1823 504 1866 81
536 1823 589 1866 in
614 1823 806 1880 justam
839 1823 1075 1867 formam
1108 1834 1172 1867 ac
1206 1822 1625 1878 magnitudinem
1657 1821 1915 1875 deducstae,
1949 1823 2164 1868 linteolo
2195 1823 2338 1867 tenui
2368 1826 2460 1866 aut

251 1901 567 1944 membrana
596 1901 715 1956 ipsis
745 1900 1064 1956 agglutinata
1091 1900 1578 1944 circumducuntur.
1610 1900 1670 1943 Et
1698 1899 1862 1944 minio
1890 1900 2112 1944 Cerussae
2138 1900 2306 1944 mixto
2333 1911 2458 1944 cum

251 1978 383 2022 Oleo
397 1978 487 2021 lini
500 1977 850 2022 incrustantur
864 1978 905 2021 81
920 1979 1243 2029 colorantur,
1258 1980 1316 2021 ut
1330 1977 1505 2021 minus
1520 1977 1658 2021 aeris
1673 1977 2024 2021 mutationem
2039 1977 2274 2021 sentiant.
2296 1978 2458 2021 Porro

249 2055 539 2099 innituntur
566 2055 654 2099 hae
680 2055 916 2099 Armillae
943 2055 1191 2111 pedestali
1221 2055 1383 2099 etiam
1412 2067 1441 2099 e
1471 2055 1634 2099 solido
1664 2055 1706 2098 81
1735 2054 1858 2099 forti
1886 2054 2024 2110 ligno
2053 2055 2322 2110 peculiari,
2353 2056 2458 2110 qua

250 2133 413 2185 vides,
436 2132 611 2176 forma
628 2131 788 2186 facto,
804 2133 948 2188 quod
962 2133 1129 2177 literae
1143 2132 1191 2175 Y
1204 2132 1486 2188 designant.
1509 2131 1731 2176 Inferius
1745 2142 1875 2176 vero
1890 2132 2224 2185 Quadratum
2238 2131 2459 2177 existens

250 2210 302 2253 in
329 2210 535 2265 singulis
560 2210 706 2254 isthic
734 2210 936 2266 angulis
959 2210 1211 2254 cochleas
1237 2209 1400 2253 habet
1420 2210 1562 2264 apud
1582 2210 1627 2252 X
1648 2210 1837 2264 quibus
1856 2212 2030 2253 totum
2050 2209 2458 2254 Instrumentum

250 2288 302 2331 in
328 2287 630 2342 requisitam
657 2287 1044 2343 dispositionem
1065 2287 1375 2339 coelestibus,
1405 2298 1539 2342 quos
1564 2286 1815 2339 imitatur,
1845 2287 2062 2331 Circulis
2082 2288 2367 2342 analogam
2387 2286 2459 2331 di-

249 2364 451 2420 rigitur:
475 2364 580 2409 Ubi
599 2365 761 2408 etiam
774 2364 803 2408 4
815 2364 1143 2408 ferramenta
1156 2364 1337 2408 versus
1352 2364 1655 2419 supremam
1669 2365 1780 2420 ejus
1794 2367 2018 2419 partem,
2042 2366 2146 2419 qua
2161 2363 2456 2409 meridiano

251 2442 475 2498 adJ'acet,
506 2441 661 2485 fulcri
687 2442 729 2485 8ι
754 2441 986 2486 fortioris
1013 2441 1341 2486 sustentaculi
1369 2442 1507 2493 loco,
1538 2453 1605 2485 ne
1632 2441 1756 2485 hinc
1784 2441 1906 2485 inde
1931 2441 2179 2486 vacillent
2204 2441 2456 2493 Armillae‚

254 2518 539 2571 adduntur3
571 2518 813 2570 Quorum
832 2531 998 2563 unum
1018 2531 1113 2575 per
1132 2519 1284 2571 FbX;
1313 2519 1541 2562 alterum
1560 2518 1694 2562 EaX
1714 2519 1955 2574 signatur.
1984 2518 2198 2573 Reliqua
2218 2519 2324 2562 duo
2345 2518 2460 2562 sunt

253 2608 285 2638 a
304 2595 588 2650 posteriore
608 2599 774 2650 parte.
804 2596 863 2639 In
883 2608 947 2641 eo
967 2608 1097 2640 vero
1117 2598 1256 2648 loco,
1281 2607 1387 2650 quo
1407 2595 1671 2651 pedestale
1690 2596 1795 2639 hoc
1818 2595 2171 2639 Meridianum
2192 2595 2457 2651 contingit,

251 2673 304 2715 in
323 2672 549 2716 modum
570 2672 881 2716 semicirculi
901 2673 1189 2717 rotundum
1210 2673 1296 2725 est,
1318 2676 1376 2716 ut
1390 2672 1715 2716 Meridianus
1735 2672 1807 2715 illi
1825 2672 2054 2716 insistens
2069 2673 2215 2716 omni
2229 2684 2295 2716 ex
2309 2675 2460 2727 parte

252 2749 378 2793 illud
399 2750 683 2804 contingat,
705 2751 746 2793 81
766 2750 991 2794 firmiter
1009 2751 1057 2794 ei
1076 2750 1341 2794 innitatur.
1374 2749 1490 2802 Qua
1511 2749 1673 2793 etiam
1694 2750 1760 2793 de
1781 2752 1945 2793 causa
1967 2753 2196 2804 quatuor
2214 2750 2460 2794 tenacula

252 2826 519 2871 metallica
532 2828 684 2883 juxta
705 2827 741 2870 F
749 2827 875 2870 SRE
896 2830 1249 2883 apponuntur,
1271 2827 1409 2870 intra
1429 2839 1550 2882 quae
1570 2827 1895 2871 Meridianus
1909 2827 2341 2882 compraehensus
2356 2827 2462 2870 sen-

2504 756 2527 791 5

2510 1140 2553 1176 10

2512 1527 2554 1562 15

2506 2299 2552 2335 25

253 2904 347 2947 fim
368 2904 408 2947 8ι
427 2904 686 2948 tenaciter
705 2904 1035 2948 circumduci
1054 2904 1235 2960 potest,
1258 2905 1429 2948 donec
1444 2904 1570 2947 Axis
1585 2904 1697 2960 ejus
1710 2904 1811 2947 Axi
1828 2904 2013 2947 mundi
2026 2905 2456 2960 correspondeat3
2518 2953 2520 2955 ,

253 2981 427 3036 sicque
459 2980 681 3025 immote
712 2981 932 3025 firmari.
967 2982 1111 3025 Infra
1136 2982 1190 3025 in
1214 2981 1467 3025 lateribus
1492 2982 1647 3038 hujus
1672 2981 1948 3036 pedestalis
1973 2981 2096 3025 hinc
2123 2981 2244 3025 inde
2267 2993 2299 3024 a
2323 2981 2460 3026 fora-

252 3056 423 3110 minis,
456 3058 599 3113 quod
627 3058 907 3113 plumbum
930 3059 1082 3115 juxta
1101 3059 1147 3102 V
1177 3058 1354 3110 habet,
1384 3060 1608 3113 utraque
1636 3061 1787 3114 parte
1814 3059 1928 3102 sunt
1951 3058 1995 3102 4.
2027 3059 2214 3103 Icones
2241 3062 2459 3102 ornatus

252 3134 419 3189 gratia
447 3134 662 3179 solerter
688 3134 929 3191 appie‘tae,
958 3148 1079 3191 quae
1106 3135 1305 3191 effigies
1331 3135 1615 3188 Ptolemaei,
1643 3135 1934 3196 Albategnij
1958 3136 1999 3179 81
2020 3135 2316 3190 Copernici;
2343 3138 2458 3178 tum

254 3223 465 3266 quoque
502 3211 735 3255 nostram
772 3213 1174 3267 repraesentant:
1216 3224 1445 3267 quarum
1483 3212 1623 3256 binae
1663 3212 1939 3268 Copernici
1974 3212 2221 3256 videlicet
2257 3213 2298 3255 8ι
2335 3223 2458 3256 mea

255 3288 399 3342 juxta
425 3289 459 3332 d
479 3288 725 3333 visuntur.
756 3289 985 3344 Reliquae
1011 3289 1133 3333 duae
1160 3289 1228 3333 ab
1255 3290 1422 3333 altera
1449 3292 1599 3344 parte
1624 3290 1803 3333 latent.
1835 3290 2041 3334 Caetera
2066 3288 2328 3344 pedestale
2353 3288 2457 3332 hoc

255 3365 643 3417 concernentia,
666 3366 827 3409 veluti
845 3366 1070 3410 transtra
1084 3366 1236 3422 juxta
1255 3379 1307 3421 g;
1335 3367 1376 3410 ἃ
1403 3367 1438 3409 si
1460 3377 1581 3420 quae
1603 3366 1716 3409 sunt
1737 3366 1856 3410 aliae
1876 3369 2055 3421 partes
2076 3369 2167 3409 aut
2186 3365 2459 3409 firmitudi-

2365 3447 2457 3496 nis

2507 3070 2554 3107 35
