2638 3952
283 289 363 341 114
494 288 1104 342 ASTRONOMIAE
1131 288 1697 342 INSTAURATAE
1724 289 2272 344 MECHANICA

282 432 711 497 longitudinem
738 432 789 484 &
815 432 1187 484 latitudinem
1215 435 1279 484 in
1307 432 1428 497 ipso
1458 435 1705 493 minut0,
1737 433 2006 497 adeoque
2036 434 2330 485 interdum
2360 436 2486 486 eius

282 503 493 555 semisse
526 503 633 567 (uti
664 501 904 567 dictum)
935 504 1476 569 redintegravimuS‚
1512 503 1885 556 Canonicam
1915 504 2350 569 expolitionem.
2383 504 2486 556 suo

282 582 545 639 tempore
567 574 619 625 8(
638 574 770 626 loco
792 574 1079 626 dabimuS.

355 646 482 697 Nec
507 645 877 698 solummodo
905 648 1057 698 circa
1083 646 1479 711 longitudines
1507 646 1559 697 8(
1585 646 1921 698 latitudines
1941 646 2197 699 fixarum
2218 654 2486 700 accurate

283 716 711 769 constituendas
726 719 994 781 occupati
1007 717 1251 777 fuimus;
1272 717 1367 768 sed
1383 717 1435 767 8(
1449 719 1511 768 in
1525 719 1838 782 praecipuis
1854 717 2216 782 quibusdam,
2235 733 2486 771 numero

282 788 390 840 100.
413 788 794 840 Ascenfiones
814 787 1000 840 rectas
1022 787 1073 839 8(
1094 788 1554 849 DeclinationeS,
1578 803 1682 852 per
1701 788 2161 854 Triangulorum
2181 792 2489 842 ratiocinia

282 860 418 911 inde
446 860 860 919 derivavimuS‚
888 865 1065 923 atque
1091 858 1324 911 duobus
1349 859 1574 911 saeculis
1600 862 1680 911 ita
1706 860 2136 924 adaptavimus,
2163 867 2227 912 ut
2252 860 2487 926 lingulis

281 931 643 982 intermediis
663 931 856 982 Annis
873 946 996 982 una
1018 930 1594 995 proportionabiliter
1613 930 1876 983 satisfieri
1895 932 2083 995 posset.
2111 929 2487 984 Refractioni-

281 1002 391 1054 bus
410 1001 645 1066 insuper
659 1001 974 1054 Stellarum
991 1001 1276 1066 peculiari
1289 1001 1534 1054 Tabella
1547 1001 1925 1054 subvenimus
1940 1018 1972 1054 e
1987 1003 2216 1055 diutina
2230 1002 2282 1054 8(
2294 1003 2486 1055 multi-

281 1073 417 1138 plici
438 1074 798 1137 experientia
816 1071 1151 1125 constructa.
1174 1072 1298 1124 Nifi
1319 1076 1479 1124 enim
1499 1072 1596 1125 hae
1615 1080 2079 1137 praecaveantur,
2100 1074 2362 1138 ipfissima
2382 1073 2485 1126 fix-

282 1159 455 1196 arum
474 1144 622 1205 loca,
643 1143 963 1208 praesertim
979 1144 1082 1196 ubi
1096 1144 1413 1196 Horizonti
1428 1147 1490 1195 in
1503 1143 1842 1196 vicefimum
1857 1145 2199 1197 Altitudinis
2215 1145 2487 1197 Gradum

282 1218 776 1280 appropinquant,
797 1214 1003 1267 haberi
1023 1222 1344 1280 nequeunt.
1373 1215 1575 1278 Quare
1595 1215 1821 1280 semper
1841 1218 2019 1268 etiam
2038 1219 2101 1268 in
2120 1215 2264 1268 locis
2284 1215 2486 1268 Stella-

282 1302 416 1338 rum
436 1302 473 1338 a
491 1287 663 1339 nobis
684 1286 1026 1347 emendatiS,
1050 1285 1469 1338 refradlionum
1488 1286 1884 1347 insinuationi,
1911 1287 2013 1339 ubi
2034 1303 2184 1352 opus
2204 1286 2328 1348 fuit,
2355 1302 2486 1352 pro-

281 1358 553 1410 vidimus,
582 1358 824 1410 Habent
843 1373 985 1409 vero
1011 1357 1108 1409 hae
1135 1356 1512 1410 refrac'tiones
1540 1358 1625 1422 (ut
1648 1357 1762 1410 hoc
1783 1374 2021 1422 quoque
2042 1359 2227 1411 obiter
2246 1358 2343 1410 hic
2363 1374 2486 1410 mo-

283 1428 483 1493 neam)
506 1428 562 1481 se
585 1429 767 1493 paulo
788 1429 955 1480 aliter
974 1431 1037 1480 in
1058 1428 1266 1489 stellis,
1294 1444 1477 1493 quam
1495 1432 1559 1480 in
1579 1428 1731 1481 Sole.
1760 1429 1827 1480 In
1849 1429 2061 1494 quibus
2083 1432 2276 1490 etiam,
2304 1430 2378 1482 ab
2398 1432 2485 1490 iis,

282 1516 417 1564 quae
438 1500 610 1553 Luna
635 1503 859 1565 ingerit,
886 1499 1163 1552 nonnihil
1189 1499 1487 1551 differunt:
1514 1499 1697 1552 veluti
1723 1499 1853 1552 haec
1879 1516 1916 1552 a
1941 1502 2111 1553 nobis
2132 1500 2487 1567 jamdudum

282 1571 335 1623 8(
355 1574 634 1624 extricata
655 1571 706 1623 8(
725 1570 1014 1635 patefacta
1033 1571 1177 1622 sunt.

353 1642 728 1694 Defideratur
759 1645 957 1707 itaque
985 1644 1112 1707 jam
1143 1641 1294 1693 nihil
1326 1642 1488 1694 aliud
1519 1645 1582 1693 in
1615 1642 1808 1694 affixis
1841 1642 2155 1704 SideribuS,
2193 1658 2391 1708 quam,
2424 1650 2488 1695 ut

283 1729 489 1766 earum
514 1720 711 1765 motus
731 1713 1092 1772 universalis,
1120 1713 1379 1765 redditus
1400 1714 1676 1765 omnibus
1696 1714 1988 1765 mundani
2008 1717 2122 1766 aevi
2142 1714 2367 1766 saeculis
2387 1714 2486 1766 ad-

282 1791 527 1850 aptetur.
556 1784 734 1848 Quod
761 1793 1030 1837 accurate
1056 1784 1326 1848 praestare
1347 1800 1471 1836 non
1490 1784 1638 1836 foret
1659 1784 1910 1846 difficile,
1938 1785 2118 1837 modo
2138 1792 2405 1838 veterum
2424 1789 2487 1836 in

281 1856 374 1908 his
395 1856 828 1908 observationes
848 1871 972 1907 non
988 1858 1165 1907 nimis
1179 1856 1300 1908 lato
1314 1856 1494 1907 modo
1509 1862 1764 1920 acceptae
1778 1856 2015 1908 fuissent.
2037 1858 2319 1908 Attamen
2337 1857 2485 1908 limi·

280 1930 501 1979 tatione
523 1930 898 1979 convenienti
915 1927 1193 1987 adhibita,
1216 1926 1268 1978 8(
1287 1926 1400 1978 hac
1414 1929 1478 1978 in
1490 1935 1672 1991 parte,
1694 1928 1892 1992 quoad
1907 1927 2035 1979 fieri
2049 1930 2273 1993 poterit,
2296 1927 2486 1980 Astro-

280 2001 502 2051 nomiae
523 1998 843 2051 cultoribus
863 2013 959 2050 me
979 1997 1407 2050 satisfacturum
1427 1997 1679 2050 confido,

354 2070 698 2135 Optandum
727 2085 869 2121 vero
898 2069 1062 2130 foret,
1096 2076 1160 2121 ut
1188 2069 1434 2133 reliquae
1465 2072 1643 2121 etiam
1673 2069 1868 2122 Stellae
1897 2073 2220 2135 antiquitus
2250 2076 2485 2131 notatae,

281 2157 417 2206 quae
431 2144 495 2193 in
508 2141 700 2193 nostro
716 2141 970 2194 Climate
985 2156 1109 2192 non
1124 2147 1425 2205 apparent,
1441 2142 1733 2205 prioribus
1746 2142 2001 2193 millenis
2016 2157 2053 2193 a
2065 2157 2161 2193 me
2175 2140 2487 2198 verificatis

281 2212 761 2278 adjungerentur:
794 2219 922 2264 tum
952 2227 1190 2276 quoque
1221 2212 1373 2271 aliae,
1407 2228 1555 2276 quas
1584 2228 1659 2264 ne
1688 2220 1914 2264 veteres
1943 2213 2183 2277 quidem
2211 2215 2275 2264 in
2302 2210 2488 2265 tractu

280 2284 516 2350 AEgypti
546 2283 878 2336 habitantes
912 2299 1150 2335 cernere
1182 2290 1468 2347 poterant,
1504 2299 1639 2347 quae
1666 2286 1836 2349 juxta
1864 2284 2076 2335 Polum
2104 2282 2488 2336 antardticum

281 2362 496 2407 extant.
524 2355 687 2407 Nam
705 2354 1134 2419 pulcherrimas
1155 2355 1235 2406 ibi
1256 2369 1494 2418 quoque
1514 2354 1815 2419 splendere
1837 2355 2061 2415 StellaS,
2083 2354 2369 2407 relatione
2391 2370 2486 2406 eo·

281 2442 430 2487 rum,
453 2428 554 2490 qui
573 2426 728 2478 ultra
746 2425 1136 2490 AEquatorem
1156 2427 1525 2489 navigarunt,
1548 2429 1898 2490 accepimus.
1921 2425 2230 2489 Quantum
2249 2441 2391 2478 vero
2412 2426 2487 2478 ad

280 2500 539 2562 primum
560 2499 778 2557 attinet,
799 2500 862 2547 in
875 2497 1195 2562 AEgyptum
1214 2496 1310 2547 vel
1329 2495 1575 2547 similem
1588 2497 1806 2549 Africae
1820 2497 1989 2548 litum
2002 2495 2487 2561 proficiscendum

280 2568 445 2629 foret,
476 2574 652 2632 atque
682 2567 799 2619 illic
829 2567 1041 2627 Stellae,
1073 2573 1361 2631 quotquot
1391 2570 1752 2629 exoriuntur,
1785 2567 1985 2620 sedulo
2015 2568 2385 2620 denotandae.
2419 2568 2487 2619 In

281 2639 466 2691 altero
478 2639 798 2691 obtinendo
811 2639 886 2690 ad
897 2639 1239 2689 Americam
1249 2637 1688 2700 Australiorem,
1701 2639 1796 2690 vel
1810 2640 1991 2691 aliam
2003 2639 2324 2704 Regionem
2334 2639 2488 2691 ultra

280 2710 670 2775 AEquatorem
690 2710 1108 2774 navigandum,
1130 2708 1231 2760 ubi
1252 2711 1456 2760 omnia
1476 2710 1681 2762 Sidera
1701 2713 1855 2762 circa
1874 2710 2082 2762 Polum
2104 2708 2488 2762 antarcticum

280 2781 560 2841 visuntur,
589 2787 765 2845 atque
791 2780 951 2832 isthic
973 2780 1424 2832 Observationes
1451 2796 1658 2832 earum
1683 2781 2065 2833 instituendae.
2095 2780 2297 2844 Quare
2320 2781 2361 2832 fi
2385 2784 2486 2845 qui

282 2852 530 2905 Illustres
552 2851 604 2903 8(
622 2852 892 2903 Potentes
907 2851 1156 2902 Domini
1175 2854 1237 2902 in
1258 2851 1442 2902 altero
1462 2851 1681 2903 horum
1700 2852 1795 2904 vel
1814 2859 2066 2917 utroque
2086 2852 2290 2904 nostris
2311 2852 2363 2903 8(
2383 2851 2485 2904 ali-

282 2938 456 2975 orum
482 2922 774 2975 desideriis
799 2922 1106 2974 subvenire
1133 2937 1257 2973 non
1284 2922 1581 2986 degravati
1607 2923 1839 2984 fuerint,
1868 2926 2164 2989 egregium
2186 2923 2324 2975 sane
2345 2923 2486 2988 quid

281 2994 661 3059 praestiterint,
692 2994 743 3045 8(
773 2995 1057 3058 perpetua
1085 2994 1375 3044 memoria
1400 2993 1476 3044 ad
1503 3009 1744 3046 omnem
1773 2994 2162 3059 posteritatem
2190 2994 2484 3046 celebran-

2537 735 2558 769 5

2541 1089 2583 1124 10

2541 1444 2582 1478 15

2537 1799 2582 1834 20

2536 2155 2582 2190 25

2535 2867 2582 2902 35

283 3066 446 3117 dum:
468 3065 751 3129 fiquidem
771 3065 830 3117 id
847 3080 884 3116 a
901 3067 1139 3116 nemine
1159 3061 1460 3124 haetenus,
1484 3066 1642 3129 quod
1658 3061 1678 3133 ΙΙ
1692 3065 1878 3126 scitur,
1901 3066 2094 3118 debito
2109 3066 2290 3117 modo
2303 3071 2486 3117 tenta·
2506 3072 2608 3116 F4v

281 3143 407 3188 tum
428 3136 506 3195 fit,
527 3136 750 3188 nedum
770 3135 1029 3187 absolute
1049 3134 1381 3200 praestitum.
1405 3134 1526 3199 Ego
1541 3136 1928 3188 Instrumenta
1942 3136 1994 3188 8(
2007 3137 2205 3188 media
2218 3136 2335 3188 huc
2349 3151 2484 3188 con-

284 3209 558 3259 ducentia
576 3207 1003 3258 subministrare
1023 3222 1148 3257 non
1168 3203 1519 3259 detrectabo:
1547 3209 1727 3259 modo
1753 3207 1875 3267 fint,
1903 3211 2004 3272 qui
2030 3207 2143 3259 hoc
2169 3222 2485 3271 procurare

282 3277 479 3338 velint,
503 3277 554 3329 8(
573 3278 802 3329 idoneis
823 3277 1165 3329 hominibus
1184 3284 1308 3328 tam
1326 3276 1610 3330 laudabili
1630 3281 1865 3344 negotio
1885 3278 2226 3343 prospicere.

354 3348 617 3400 Demum
643 3347 1181 3399 PLANETARVM
1208 3347 1574 3411 reliquorum
1593 3352 1856 3414 quinque
1877 3364 2103 3400 errores
2122 3348 2377 3410 scrutari,
2403 3355 2484 3401 at—

2369 3433 2486 3483 que

2535 3222 2581 3257 40
