2638 3952
84 1173 126 1208 10

83 1588 124 1624 15

78 2421 125 2455 25

78 2836 124 2871 30

96 3170 124 3212 5.

78 3253 124 3288 35

385 261 996 316 ASTRONOMIAE
1023 261 1591 316 INSTAURATAE
1618 263 2166 317 MECHANICA
2289 266 2379 317 135

179 405 307 470 (nifi
327 413 619 470 quatenus
633 406 707 459 ab
722 405 1018 458 Arabibus
1037 405 1184 457 forte
1205 405 1400 457 adhuc
1419 406 1862 470 quodammodo
1878 407 2199 471 exercetur)
2215 424 2380 461 vero-

176 488 358 540 fimile
379 488 469 541 est.
492 489 585 541 De
606 489 737 541 aliis
752 489 1007 554 Europae
1027 489 1307 554 partibuS,
1330 504 1465 553 quae
1480 491 1542 540 in
1556 489 1834 541 Austrum
1851 498 2112 553 vergunt,
2134 492 2382 544 meliora

177 575 379 636 utique
405 572 692 637 speranda
716 571 924 633 forent,
952 579 1244 636 quatenus
1270 571 1480 623 Turcae
1508 578 1610 623 aut
1636 572 1883 624 Moscho
1911 589 2035 624 non
2062 582 2289 638 parent:
2317 575 2379 627 fi-

177 656 417 720 quidem
444 663 597 708 artes
623 659 912 722 ingenuas
938 654 1099 707 isthic
1125 671 1249 707 non
1275 655 1627 707 aversentur.
1656 656 1890 707 At'cum
1912 672 1983 708 ea
2005 660 2182 709 etiam
2202 674 2382 723 regna

176 739 307 791 aliis
335 746 400 791 ut
428 739 752 804 plurimum
782 745 1158 803 occupentur,
1187 738 1239 790 8(
1265 738 1674 791 Astronomica
1702 741 1901 790 minus
1932 739 2115 803 (quod
2142 742 2381 805 quidem

174 821 368 886 scitur)
402 830 621 883 curent,
654 822 1022 886 dispendium
1050 825 1245 886 potius
1278 837 1461 886 quam
1490 823 1909 886 compendium
1938 821 2195 875 fac‘turus
2224 825 2380 876 vide-

177 912 284 966 tur,
306 908 409 970 qui
429 921 529 958 eas
549 912 759 970 partes,
781 912 910 957 utut
924 905 1314 957 Australiores
1334 907 1422 964 iis,
1445 920 1580 969 quae
1602 905 1879 956 nonnihil
1898 908 1960 957 in
1981 906 2236 958 Boream
2256 924 2380 959 ver-

174 996 333 1054 gunt,
371 989 708 1054 praetulerit.
749 989 876 1040 Imo
910 1004 1046 1040 cum
1078 988 1512 1041 observationes
1545 987 1811 1053 hyberno
1843 995 2107 1054 tempore
2141 991 2381 1054 quando

174 1071 373 1126 noc'tes
387 1072 681 1138 longiores
695 1071 841 1133 sunt,
860 1072 1229 1124 commodius
1245 1070 1298 1123 8(
1311 1071 1544 1136 plenius
1558 1071 1953 1136 perficiantur,
1975 1072 2151 1124 habet
2165 1072 2382 1126 Ard’toa

176 1171 281 1208 ora
306 1156 366 1208 id
391 1157 814 1222 praerogativae,
842 1155 1002 1220 quod
1029 1171 1152 1207 non
1178 1162 1409 1207 tantum
1434 1154 1548 1206 hoc
1574 1155 1820 1220 praestet;
1848 1155 1943 1207 sed
1965 1156 2271 1221 &insuper
2295 1159 2380 1208 in-

173 1245 334 1291 tento
359 1238 463 1291 suo
489 1238 640 1304 gelu,
667 1238 1017 1303 spirantibus
1043 1238 1362 1303 praesertim
1382 1237 1730 1290 Borealibus
1750 1241 1939 1290 ventis
1960 1242 2159 1291 aerem
2182 1243 2262 1292 ita
2285 1240 2380 1293 de-

173 1329 343 1387 puret
369 1321 421 1374 8(
448 1329 739 1383 extenuet,
766 1329 831 1374 ut
855 1322 1122 1387 pluribus
1147 1321 1555 1386 saepenumero
1582 1324 1876 1373 continuis
1902 1322 2107 1374 diebus
2134 1323 2378 1376 defaeca-

173 1406 408 1458 tissimus
429 1405 514 1466 fit;
541 1405 692 1458 adeo
712 1412 776 1458 ut
795 1405 970 1458 stellae
991 1404 1169 1458 noctu
1190 1421 1373 1470 quam
1391 1408 1653 1457 maxime
1673 1405 1949 1471 fulgeant,
1977 1413 2152 1471 atque
2173 1406 2378 1459 scintil-

172 1488 319 1549 lent;
353 1504 489 1541 cum
520 1496 722 1541 tamen
753 1491 816 1540 in
848 1488 1306 1541 Australioribus
1339 1489 1696 1554 Regionibus
1727 1495 1866 1540 tunc
1899 1490 2246 1542 ereberrime
2279 1498 2381 1542 aut

172 1571 354 1636 pluat,
375 1578 478 1624 aut
498 1572 712 1624 caelum
726 1572 874 1624 alias
889 1572 1144 1624 nubibus
1165 1570 1500 1633 obductum,
1522 1573 1710 1624 udum
1729 1571 1807 1632 fit,
1831 1572 1883 1624 8(
1903 1572 2222 1625 coelestium
2244 1589 2378 1626 con-

172 1654 506 1707 fiderationi
537 1658 736 1708 minus
767 1661 979 1720 pateat.
1021 1655 1333 1720 Exoptavit
1365 1656 1606 1720 quidem
1639 1655 2040 1708 laudatissimae
2072 1660 2378 1709 memoriae

172 1738 447 1803 Princeps
463 1738 802 1792 Gulielmus
823 1739 1054 1798 Hassiae,
1078 1738 1178 1790 &c.
1200 1739 1623 1804 LandgraviuS,
1644 1739 1819 1791 rebus
1833 1739 2253 1791 Astronomicis
2272 1743 2377 1791 im-

171 1821 346 1886 pense
373 1820 652 1882 addictus
683 1825 874 1887 iisque
900 1838 1025 1874 non
1050 1822 1254 1874 leviter
1279 1821 1506 1882 tinctuS,
1538 1829 1602 1874 ut
1627 1825 1690 1873 in
1715 1825 1901 1887 magis
1927 1823 2181 1875 Australi
2207 1831 2377 1875 terrae

171 1904 303 1957 loco
323 1904 750 1958 habitationem
770 1921 969 1958 meam
990 1906 1332 1966 obtinerem,
1355 1922 1474 1971 quo
1494 1905 1728 1970 plenius
1747 1905 2092 1958 Coelestibus
2112 1907 2376 1971 invigila-

172 2004 314 2049 rem,
340 1988 524 2040 veluti
551 2004 624 2040 ex
650 1988 830 2040 literis
858 1988 1206 2053 quibusdam
1233 1991 1360 2053 ejus
1387 1990 1462 2041 ad
1488 2004 1584 2040 me
1607 1992 1670 2040 in
1694 1989 2082 2053 Epistolarum
2101 1989 2375 2042 Astrono-

170 2074 461 2124 micarum
484 2071 676 2124 Tomo
705 2074 898 2136 primo
927 2072 1061 2137 Pag.
1088 2072 1162 2123 21.
1190 2073 1466 2136 impressis
1494 2073 1692 2137 liquet.
1724 2073 1906 2137 quue
1938 2076 2161 2138 optima
2189 2076 2375 2126 inten-

170 2158 331 2208 tione
362 2171 501 2207 eum
528 2154 710 2207 fecisse
739 2171 864 2207 non
894 2155 968 2207 est
997 2156 1260 2216 dubium,
1288 2155 1340 2207 8(
1365 2155 1513 2208 forte
1541 2158 1734 2216 etiam,
1766 2172 1885 2220 quo
1915 2172 2011 2208 me
2040 2157 2220 2208 isthuc
2250 2157 2374 2209 alli-

172 2245 341 2291 ceret.
362 2239 547 2304 Atqui
568 2254 675 2304 ego
698 2239 974 2299 existim0,
997 2241 1059 2290 in
1075 2239 1275 2290 Dania
1289 2255 1413 2291 non
1432 2242 1759 2304 paucioreS,
1782 2256 1963 2304 quam
1977 2239 2072 2292 vel
2085 2242 2148 2291 in
2163 2239 2378 2301 Hasna,

172 2328 274 2374 aut
301 2325 510 2386 quavis
537 2322 656 2375 alia
678 2322 1024 2375 Germaniae
1050 2328 1231 2386 parte,
1261 2322 1347 2386 (ut
1373 2323 1445 2374 de
1473 2325 1697 2375 caeteris
1721 2323 1976 2388 Europae
2003 2325 2195 2388 regnis
2221 2339 2380 2375 nunc

174 2421 299 2456 non
318 2405 534 2470 dicam)
556 2406 806 2458 obtineri
826 2406 976 2471 posse
996 2405 1248 2457 fiderum
1269 2405 1725 2466 observationes;
1754 2406 1859 2458 nifi
1885 2407 2044 2471 quod
2071 2406 2379 2459 nonnullae

173 2487 369 2541 Stellae
383 2492 447 2541 in
461 2489 919 2542 Australioribus
939 2489 1124 2554 plagis
1145 2492 1427 2551 oriantur,
1450 2505 1586 2555 quae
1600 2493 1663 2541 in
1678 2491 1870 2542 Borea
1883 2497 2166 2555 perpetuo
2181 2490 2377 2542 latent.

174 2571 353 2635 Quod
371 2579 573 2625 tamen
592 2589 716 2625 non
735 2575 937 2638 magni
958 2572 1033 2624 est
1052 2576 1355 2634 momenti,
1383 2589 1492 2625 nec
1518 2574 1593 2626 ad
1613 2573 2006 2625 Astronomiae
2026 2573 2377 2639 redintegra-

171 2657 396 2707 tionem
425 2656 751 2708 admodum
781 2656 1069 2708 conducit.
1100 2655 1318 2708 Testari
1349 2656 1408 2709 id
1440 2664 1715 2722 poterunt
1746 2657 1877 2709 libri
1909 2672 2066 2708 unus
2096 2656 2147 2708 8(
2176 2660 2379 2722 viginti

172 2739 565 2804 manuscripti,
594 2742 696 2804 qui
721 2755 904 2804 penes
923 2754 1019 2790 me
1039 2738 1185 2800 sunt,
1212 2740 1455 2792 totidem
1475 2742 1794 2793 Annorum
1814 2741 2260 2792 accuratissimas
2281 2741 2379 2792 ob-

172 2821 528 2874 servationes
550 2826 612 2874 in
632 2823 833 2874 Dania
855 2820 1119 2887 peractas
1140 2822 1612 2888 complec‘tentes;
1642 2830 1785 2888 quot
1805 2823 1857 2875 8(
1878 2823 2083 2887 quales
2103 2826 2203 2874 vix
2223 2823 2379 2883 alibi,

172 2912 302 2957 utut
327 2908 390 2957 in
415 2908 602 2971 magis
628 2905 1003 2958 meridionali
1025 2905 1299 2970 Regione‚
1328 2922 1365 2958 a
1391 2923 1697 2972 quoquam
1723 2910 1948 2958 interea
1976 2906 2136 2970 (abfit
2156 2907 2381 2959 invidia

173 2986 348 3052 dicto)
380 2989 647 3042 obtentas
677 2989 780 3040 esse
810 2989 1074 3041 arbitror.
1106 2989 1174 3041 In
1204 2989 1418 3054 quibus
1447 3006 1572 3042 non
1600 2990 1790 3042 solum
1816 2993 2087 3042 omnium
2113 2990 2378 3042 Planeta-

172 3087 307 3123 rum
326 3071 560 3138 singulis
574 3073 785 3133 AnniS,
808 3071 860 3123 8(
880 3087 955 3124 ne
977 3072 1218 3136 quidem
1237 3073 1556 3135 Mercurio,
1578 3076 1768 3126 rarius
1790 3074 1864 3125 ob
1885 3076 2178 3125 minorem
2193 3089 2229 3125 a
2244 3073 2378 3126 Sole

174 3154 573 3219 digressionem
611 3162 949 3220 apparente,
988 3155 1120 3208 loca
1153 3156 1205 3208 &
1236 3158 1642 3209 vicissitudines
1675 3158 1877 3209 crebro
1911 3156 1962 3208 8(
1995 3156 2378 3209 multifariam

174 3237 478 3302 explorata
503 3238 818 3291 habentur:
846 3238 941 3290 sed
969 3238 1021 3290 8(
1048 3241 1438 3292 inerrantium
1458 3240 1789 3301 Stellarum,
1818 3247 2106 3304 quotquot
2125 3240 2271 3291 visui
2291 3247 2378 3292 ut-

173 3336 407 3385 cunque
427 3328 643 3386 patent,
667 3321 884 3387 positus
903 3321 1249 3375 subtilissime
1271 3323 1531 3376 denotati
1551 3323 1701 3376 sunt:
1730 3324 1799 3376 Et
1818 3324 2014 3389 postea
2033 3326 2096 3374 in
2117 3323 2377 3375 Canoni-

2248 3421 2379 3458 cam
