<?xml version="1.0" encoding="UTF-8"?>
<!DOCTYPE html PUBLIC "-//W3C//DTD XHTML 1.0 Transitional//EN"
    "http://www.w3.org/TR/xhtml1/DTD/xhtml1-transitional.dtd">
<html xmlns="http://www.w3.org/1999/xhtml" xml:lang="en" lang="en">
 <head>
  <title>
</title>
<meta http-equiv="Content-Type" content="text/html;charset=utf-8" />
  <meta name='ocr-system' content='tesseract 3.04.00' />
  <meta name='ocr-capabilities' content='ocr_page ocr_carea ocr_par ocr_line ocrx_word'/>
</head>
<body>
  <div class='ocr_page' id='page_1' title='image "./operaomniaedidit05brahuoft_0158.png"; bbox 0 0 2638 3952; ppageno 0'>
   <div class='ocr_carea' id='block_1_1' title="bbox 290 268 2282 321">
    <p class='ocr_par' dir='ltr' id='par_1_1' title="bbox 290 268 2282 321">
     <span class='ocr_line' id='line_1_1' title="bbox 290 268 2282 321; baseline 0.001 -2"><span class='ocrx_word' id='word_1_1' title='bbox 290 270 380 320; x_wconf 92' lang='lat'>144</span> <span class='ocrx_word' id='word_1_2' title='bbox 501 268 1113 320; x_wconf 89' lang='lat' dir='ltr'><strong>ASTRONOMIAE</strong></span> <span class='ocrx_word' id='word_1_3' title='bbox 1140 268 1706 321; x_wconf 88' lang='lat' dir='ltr'><strong>INSTAURATAE</strong></span> <span class='ocrx_word' id='word_1_4' title='bbox 1732 268 2282 320; x_wconf 88' lang='lat' dir='ltr'>MECHANICA</span> 
     </span>
    </p>
   </div>
   <div class='ocr_carea' id='block_1_2' title="bbox 284 406 2496 3387">
    <p class='ocr_par' dir='ltr' id='par_1_2' title="bbox 284 406 2496 3387">
     <span class='ocr_line' id='line_1_2' title="bbox 290 406 2491 463; baseline 0 -12"><span class='ocrx_word' id='word_1_5' title='bbox 290 407 564 451; x_wconf 92' lang='lat' dir='ltr'>continens</span> <span class='ocrx_word' id='word_1_6' title='bbox 585 406 651 451; x_wconf 84' lang='lat'>16.</span> <span class='ocrx_word' id='word_1_7' title='bbox 669 407 847 450; x_wconf 92' lang='lat' dir='ltr'>varias</span> <span class='ocrx_word' id='word_1_8' title='bbox 861 407 1109 451; x_wconf 88' lang='lat' dir='ltr'>fornaces</span> <span class='ocrx_word' id='word_1_9' title='bbox 1122 408 1235 451; x_wconf 86' lang='lat' dir='ltr'>Arti</span> <span class='ocrx_word' id='word_1_10' title='bbox 1249 407 1554 463; x_wconf 85' lang='lat' dir='ltr'>Spagyricae</span> <span class='ocrx_word' id='word_1_11' title='bbox 1575 407 1869 451; x_wconf 85' lang='lat' dir='ltr'>destinatas.</span> <span class='ocrx_word' id='word_1_12' title='bbox 1894 407 1930 450; x_wconf 92' lang='grc' dir='ltr'>Ι.</span> <span class='ocrx_word' id='word_1_13' title='bbox 1953 407 2214 450; x_wconf 91' lang='lat' dir='ltr'>Foramen</span> <span class='ocrx_word' id='word_1_14' title='bbox 2234 419 2328 462; x_wconf 89' lang='lat' dir='ltr'>per</span> <span class='ocrx_word' id='word_1_15' title='bbox 2348 408 2491 462; x_wconf 92' lang='lat' dir='ltr'>quod</span> 
     </span>
     <span class='ocr_line' id='line_1_3' title="bbox 289 478 2490 533; baseline 0 -11"><span class='ocrx_word' id='word_1_16' title='bbox 289 479 636 522; x_wconf 89' lang='lat' dir='ltr'>demittuntur</span> <span class='ocrx_word' id='word_1_17' title='bbox 660 479 923 523; x_wconf 89' lang='lat' dir='ltr'>carbones</span> <span class='ocrx_word' id='word_1_18' title='bbox 947 491 1045 533; x_wconf 91' lang='lat' dir='ltr'>pro</span> <span class='ocrx_word' id='word_1_19' title='bbox 1071 479 1344 523; x_wconf 88' lang='lat' dir='ltr'>laboribus</span> <span class='ocrx_word' id='word_1_20' title='bbox 1369 478 1747 533; x_wconf 87' lang='lat' dir='ltr'>Pyronomicis.</span> <span class='ocrx_word' id='word_1_21' title='bbox 1779 479 1831 521; x_wconf 95' lang='lat' dir='ltr'>Z.</span> <span class='ocrx_word' id='word_1_22' title='bbox 1861 479 2003 521; x_wconf 93' lang='lat' dir='ltr'>Cella</span> <span class='ocrx_word' id='word_1_23' title='bbox 2030 478 2368 522; x_wconf 89' lang='lat' dir='ltr'>subterranea</span> <span class='ocrx_word' id='word_1_24' title='bbox 2393 490 2490 533; x_wconf 93' lang='lat' dir='ltr'>pro</span> 
     </span>
     <span class='ocr_line' id='line_1_4' title="bbox 288 548 2493 605; baseline 0 -13"><span class='ocrx_word' id='word_1_25' title='bbox 288 550 605 605; x_wconf 89' lang='lat' dir='ltr'><strong>reponendis</strong></span> <span class='ocrx_word' id='word_1_26' title='bbox 626 550 788 605; x_wconf 90' lang='lat' dir='ltr'>lignis.</span> <span class='ocrx_word' id='word_1_27' title='bbox 813 563 860 605; x_wconf 92' lang='lat' dir='ltr'>q.</span> <span class='ocrx_word' id='word_1_28' title='bbox 879 551 1130 605; x_wconf 93' lang='lat' dir='ltr'>Coquina.</span> <span class='ocrx_word' id='word_1_29' title='bbox 1154 551 1216 594; x_wconf 89' lang='lat' dir='ltr'>D.</span> <span class='ocrx_word' id='word_1_30' title='bbox 1234 551 1460 594; x_wconf 88' lang='lat' dir='ltr'>Camera</span> <span class='ocrx_word' id='word_1_31' title='bbox 1474 553 1670 593; x_wconf 91' lang='lat' dir='ltr'>vocata</span> <span class='ocrx_word' id='word_1_32' title='bbox 1689 550 1871 602; x_wconf 91' lang='lat' dir='ltr'>rubea,</span> <span class='ocrx_word' id='word_1_33' title='bbox 1894 562 1926 592; x_wconf 89' lang='grc' dir='ltr'>α</span> <span class='ocrx_word' id='word_1_34' title='bbox 1944 550 2169 592; x_wconf 88' lang='lat' dir='ltr'>Camera</span> <span class='ocrx_word' id='word_1_35' title='bbox 2188 549 2332 592; x_wconf 89' lang='lat' dir='ltr'>flava</span> <span class='ocrx_word' id='word_1_36' title='bbox 2354 548 2493 593; x_wconf 68' lang='lat' dir='ltr'>octo-</span> 
     </span>
     <span class='ocr_line' id='line_1_5' title="bbox 288 621 2494 676; baseline -0.001 -11"><span class='ocrx_word' id='word_1_37' title='bbox 288 621 503 676; x_wconf 91' lang='lat' dir='ltr'>gonalis.</span> <span class='ocrx_word' id='word_1_38' title='bbox 532 622 584 664; x_wconf 91' lang='lat' dir='ltr'>E.</span> <span class='ocrx_word' id='word_1_39' title='bbox 609 621 833 665; x_wconf 90' lang='lat' dir='ltr'>Camera</span> <span class='ocrx_word' id='word_1_40' title='bbox 861 622 1115 665; x_wconf 85' lang='lat' dir='ltr'>Caerulea.</span> <span class='ocrx_word' id='word_1_41' title='bbox 1145 621 1240 665; x_wconf 93' lang='lat' dir='ltr'>His</span> <span class='ocrx_word' id='word_1_42' title='bbox 1266 621 1433 664; x_wconf 92' lang='lat' dir='ltr'>tribus</span> <span class='ocrx_word' id='word_1_43' title='bbox 1459 621 1738 676; x_wconf 80' lang='lat' dir='ltr'>respondet</span> <span class='ocrx_word' id='word_1_44' title='bbox 1762 621 1942 664; x_wconf 91' lang='lat' dir='ltr'>versus</span> <span class='ocrx_word' id='word_1_45' title='bbox 1970 621 2219 664; x_wconf 89' lang='lat' dir='ltr'>occasum</span> <span class='ocrx_word' id='word_1_46' title='bbox 2244 621 2494 664; x_wconf 85' lang='lat' dir='ltr'>Caenacu-</span> 
     </span>
     <span class='ocr_line' id='line_1_6' title="bbox 287 692 2492 748; baseline -0 -13"><span class='ocrx_word' id='word_1_47' title='bbox 287 694 398 736; x_wconf 93' lang='lat' dir='ltr'>lum</span> <span class='ocrx_word' id='word_1_48' title='bbox 430 692 604 748; x_wconf 89' lang='lat' dir='ltr'>majus</span> <span class='ocrx_word' id='word_1_49' title='bbox 636 693 874 736; x_wconf 85' lang='lat' dir='ltr'>aestivum</span> <span class='ocrx_word' id='word_1_50' title='bbox 907 693 1059 736; x_wconf 91' lang='lat' dir='ltr'>viridi</span> <span class='ocrx_word' id='word_1_51' title='bbox 1092 694 1288 745; x_wconf 90' lang='lat' dir='ltr'>colore,</span> <span class='ocrx_word' id='word_1_52' title='bbox 1324 693 1363 735; x_wconf 76' lang='lat'>81</span> <span class='ocrx_word' id='word_1_53' title='bbox 1396 693 1449 735; x_wconf 93' lang='lat' dir='ltr'>in</span> <span class='ocrx_word' id='word_1_54' title='bbox 1479 692 1737 736; x_wconf 92' lang='lat' dir='ltr'>Tabulato</span> <span class='ocrx_word' id='word_1_55' title='bbox 1773 692 2063 735; x_wconf 91' lang='lat' dir='ltr'>herbarum</span> <span class='ocrx_word' id='word_1_56' title='bbox 2097 692 2492 746; x_wconf 86' lang='lat' dir='ltr'>praecipuarum</span> 
     </span>
     <span class='ocr_line' id='line_1_7' title="bbox 287 762 2494 819; baseline -0 -12"><span class='ocrx_word' id='word_1_57' title='bbox 287 763 501 819; x_wconf 72' lang='lat' dir='ltr'>picturis</span> <span class='ocrx_word' id='word_1_58' title='bbox 531 767 863 816; x_wconf 89' lang='lat' dir='ltr'>exornatum,</span> <span class='ocrx_word' id='word_1_59' title='bbox 896 765 1037 807; x_wconf 90' lang='lat' dir='ltr'>unde</span> <span class='ocrx_word' id='word_1_60' title='bbox 1068 764 1314 816; x_wconf 91' lang='lat' dir='ltr'>Navium,</span> <span class='ocrx_word' id='word_1_61' title='bbox 1349 763 1529 807; x_wconf 84' lang='lat' dir='ltr'>aestivo</span> <span class='ocrx_word' id='word_1_62' title='bbox 1561 763 1854 818; x_wconf 85' lang='lat' dir='ltr'>praesertim</span> <span class='ocrx_word' id='word_1_63' title='bbox 1881 766 2125 818; x_wconf 89' lang='lat' dir='ltr'>tempore</span> <span class='ocrx_word' id='word_1_64' title='bbox 2154 762 2494 818; x_wconf 87' lang='lat' dir='ltr'>praeternavi-</span> 
     </span>
     <span class='ocr_line' id='line_1_8' title="bbox 288 834 2495 891; baseline 0 -13"><span class='ocrx_word' id='word_1_65' title='bbox 288 836 524 891; x_wconf 90' lang='lat' dir='ltr'>gantium</span> <span class='ocrx_word' id='word_1_66' title='bbox 554 835 735 891; x_wconf 90' lang='lat' dir='ltr'>ingens</span> <span class='ocrx_word' id='word_1_67' title='bbox 767 847 1020 879; x_wconf 92' lang='lat' dir='ltr'>numerus</span> <span class='ocrx_word' id='word_1_68' title='bbox 1046 836 1280 891; x_wconf 76' lang='lat' dir='ltr'>J’ucunde</span> <span class='ocrx_word' id='word_1_69' title='bbox 1312 835 1638 890; x_wconf 82' lang='lat' dir='ltr'>prospicitur.</span> <span class='ocrx_word' id='word_1_70' title='bbox 1677 835 1737 878; x_wconf 89' lang='lat' dir='ltr'>X.</span> <span class='ocrx_word' id='word_1_71' title='bbox 1773 834 2029 878; x_wconf 86' lang='lat' dir='ltr'>Fenestrae</span> <span class='ocrx_word' id='word_1_72' title='bbox 2062 834 2340 890; x_wconf 92' lang='lat' dir='ltr'>superioris</span> <span class='ocrx_word' id='word_1_73' title='bbox 2372 845 2495 878; x_wconf 90' lang='lat' dir='ltr'>con-</span> 
     </span>
     <span class='ocr_line' id='line_1_9' title="bbox 286 905 2494 962; baseline -0.001 -12"><span class='ocrx_word' id='word_1_74' title='bbox 286 907 600 962; x_wconf 89' lang='lat' dir='ltr'>tignationis.</span> <span class='ocrx_word' id='word_1_75' title='bbox 624 907 685 950; x_wconf 91' lang='lat' dir='ltr'>O.</span> <span class='ocrx_word' id='word_1_76' title='bbox 706 907 1139 950; x_wconf 89' lang='lat' dir='ltr'>Observatorium</span> <span class='ocrx_word' id='word_1_77' title='bbox 1161 907 1334 962; x_wconf 78' lang='lat' dir='ltr'>maJ‘us</span> <span class='ocrx_word' id='word_1_78' title='bbox 1355 906 1717 957; x_wconf 91' lang='lat' dir='ltr'>Meridionale‚</span> <span class='ocrx_word' id='word_1_79' title='bbox 1741 906 1941 960; x_wconf 82' lang='lat' dir='ltr'>aliquot</span> <span class='ocrx_word' id='word_1_80' title='bbox 1959 906 2180 961; x_wconf 88' lang='lat' dir='ltr'>infignes</span> <span class='ocrx_word' id='word_1_81' title='bbox 2201 906 2242 948; x_wconf 72' lang='lat'>81</span> <span class='ocrx_word' id='word_1_82' title='bbox 2261 905 2494 961; x_wconf 90' lang='lat' dir='ltr'>majores</span> 
     </span>
     <span class='ocr_line' id='line_1_10' title="bbox 288 976 2491 1033; baseline -0.001 -11"><span class='ocrx_word' id='word_1_83' title='bbox 288 979 566 1022; x_wconf 89' lang='lat' dir='ltr'>machinas</span> <span class='ocrx_word' id='word_1_84' title='bbox 592 978 987 1022; x_wconf 90' lang='lat' dir='ltr'>Astronomicas</span> <span class='ocrx_word' id='word_1_85' title='bbox 1014 978 1304 1030; x_wconf 91' lang='lat' dir='ltr'>continens,</span> <span class='ocrx_word' id='word_1_86' title='bbox 1332 977 1625 1033; x_wconf 85' lang='lat' dir='ltr'>praesertim</span> <span class='ocrx_word' id='word_1_87' title='bbox 1652 977 2055 1021; x_wconf 90' lang='lat' dir='ltr'>Semicirculum</span> <span class='ocrx_word' id='word_1_88' title='bbox 2081 976 2491 1029; x_wconf 87' lang='lat' dir='ltr'>Azimuthalem,</span> 
     </span>
     <span class='ocr_line' id='line_1_11' title="bbox 288 1048 2491 1105; baseline -0 -12"><span class='ocrx_word' id='word_1_89' title='bbox 288 1051 508 1105; x_wconf 91' lang='lat' dir='ltr'>Regulas</span> <span class='ocrx_word' id='word_1_90' title='bbox 532 1049 897 1101; x_wconf 87' lang='lat' dir='ltr'>Ptolemaicas‚</span> <span class='ocrx_word' id='word_1_91' title='bbox 926 1050 1233 1093; x_wconf 90' lang='lat' dir='ltr'>Sextantem</span> <span class='ocrx_word' id='word_1_92' title='bbox 1261 1049 1656 1093; x_wconf 90' lang='lat' dir='ltr'>Orichalcicum</span> <span class='ocrx_word' id='word_1_93' title='bbox 1682 1060 1781 1103; x_wconf 91' lang='lat' dir='ltr'>pro</span> <span class='ocrx_word' id='word_1_94' title='bbox 1807 1048 2178 1092; x_wconf 90' lang='lat' dir='ltr'>Altitudinibus</span> <span class='ocrx_word' id='word_1_95' title='bbox 2205 1048 2491 1103; x_wconf 84' lang='lat' dir='ltr'>capiendis,</span> 
     </span>
     <span class='ocr_line' id='line_1_12' title="bbox 289 1119 2494 1175; baseline -0.001 -10"><span class='ocrx_word' id='word_1_96' title='bbox 289 1122 653 1174; x_wconf 82' lang='lat' dir='ltr'>Quadrantem</span> <span class='ocrx_word' id='word_1_97' title='bbox 669 1121 1062 1164; x_wconf 90' lang='lat' dir='ltr'>Orichalcicum</span> <span class='ocrx_word' id='word_1_98' title='bbox 1083 1120 1412 1164; x_wconf 90' lang='lat' dir='ltr'>mediocrem</span> <span class='ocrx_word' id='word_1_99' title='bbox 1426 1120 1840 1164; x_wconf 89' lang='lat' dir='ltr'>Azimuthalem:</span> <span class='ocrx_word' id='word_1_100' title='bbox 1865 1132 1986 1175; x_wconf 85' lang='lat' dir='ltr'>quae</span> <span class='ocrx_word' id='word_1_101' title='bbox 2007 1120 2098 1163; x_wconf 91' lang='lat' dir='ltr'>suo</span> <span class='ocrx_word' id='word_1_102' title='bbox 2118 1121 2240 1164; x_wconf 91' lang='lat' dir='ltr'>loco</span> <span class='ocrx_word' id='word_1_103' title='bbox 2262 1119 2494 1174; x_wconf 90' lang='lat' dir='ltr'>superius</span> 
     </span>
     <span class='ocr_line' id='line_1_13' title="bbox 288 1190 2495 1248; baseline -0 -13"><span class='ocrx_word' id='word_1_104' title='bbox 288 1194 329 1235; x_wconf 78' lang='lat'>81</span> <span class='ocrx_word' id='word_1_105' title='bbox 355 1193 747 1248; x_wconf 66' lang='lat' dir='ltr'>repraesentata,</span> <span class='ocrx_word' id='word_1_106' title='bbox 775 1193 816 1235; x_wconf 72' lang='lat'>81</span> <span class='ocrx_word' id='word_1_107' title='bbox 843 1193 1075 1247; x_wconf 79' lang='lat' dir='ltr'>expolita</span> <span class='ocrx_word' id='word_1_108' title='bbox 1104 1193 1233 1244; x_wconf 89' lang='lat' dir='ltr'>sunt,</span> <span class='ocrx_word' id='word_1_109' title='bbox 1260 1192 1511 1235; x_wconf 89' lang='lat' dir='ltr'>nimirum</span> <span class='ocrx_word' id='word_1_110' title='bbox 1538 1203 1761 1235; x_wconf 92' lang='lat' dir='ltr'>numero</span> <span class='ocrx_word' id='word_1_111' title='bbox 1788 1191 1831 1236; x_wconf 92' lang='lat'>8.</span> <span class='ocrx_word' id='word_1_112' title='bbox 1854 1191 1896 1234; x_wconf 89' lang='lat'>9.</span> <span class='ocrx_word' id='word_1_113' title='bbox 1918 1191 1962 1235; x_wconf 87' lang='lat'>4.</span> <span class='ocrx_word' id='word_1_114' title='bbox 1984 1191 2027 1235; x_wconf 93' lang='grc'>3.</span> <span class='ocrx_word' id='word_1_115' title='bbox 2055 1191 2330 1235; x_wconf 89' lang='lat' dir='ltr'>retinendo</span> <span class='ocrx_word' id='word_1_116' title='bbox 2356 1190 2495 1234; x_wconf 92' lang='lat' dir='ltr'>vide-</span> 
     </span>
     <span class='ocr_line' id='line_1_14' title="bbox 289 1261 2496 1318; baseline -0.001 -10"><span class='ocrx_word' id='word_1_117' title='bbox 289 1265 409 1308; x_wconf 91' lang='lat' dir='ltr'>licet</span> <span class='ocrx_word' id='word_1_118' title='bbox 429 1264 658 1307; x_wconf 90' lang='lat' dir='ltr'>eundem</span> <span class='ocrx_word' id='word_1_119' title='bbox 679 1263 937 1316; x_wconf 88' lang='lat' dir='ltr'>ordinem,</span> <span class='ocrx_word' id='word_1_120' title='bbox 961 1274 1066 1318; x_wconf 92' lang='lat' dir='ltr'>quo</span> <span class='ocrx_word' id='word_1_121' title='bbox 1086 1263 1172 1306; x_wconf 89' lang='lat' dir='ltr'>hic</span> <span class='ocrx_word' id='word_1_122' title='bbox 1193 1264 1530 1307; x_wconf 84' lang='lat' dir='ltr'>recensentur</span> <span class='ocrx_word' id='word_1_123' title='bbox 1550 1263 1912 1306; x_wconf 87' lang='lat' dir='ltr'>Instrumenta.</span> <span class='ocrx_word' id='word_1_124' title='bbox 1936 1263 2092 1314; x_wconf 92' lang='lat' dir='ltr'>Quod</span> <span class='ocrx_word' id='word_1_125' title='bbox 2112 1263 2153 1305; x_wconf 82' lang='grc' dir='ltr'>8ι</span> <span class='ocrx_word' id='word_1_126' title='bbox 2172 1262 2225 1305; x_wconf 90' lang='lat' dir='ltr'>in</span> <span class='ocrx_word' id='word_1_127' title='bbox 2247 1261 2496 1317; x_wconf 87' lang='lat' dir='ltr'>sequenti-</span> 
     </span>
     <span class='ocr_line' id='line_1_15' title="bbox 289 1333 2494 1393; baseline -0.001 -14"><span class='ocrx_word' id='word_1_128' title='bbox 289 1336 388 1379; x_wconf 91' lang='lat' dir='ltr'>bus</span> <span class='ocrx_word' id='word_1_129' title='bbox 407 1336 515 1393; x_wconf 94' lang='lat' dir='ltr'>(ubi</span> <span class='ocrx_word' id='word_1_130' title='bbox 535 1335 687 1393; x_wconf 92' lang='lat' dir='ltr'>opus)</span> <span class='ocrx_word' id='word_1_131' title='bbox 705 1335 1113 1390; x_wconf 89' lang='lat' dir='ltr'>intelligendum.</span> <span class='ocrx_word' id='word_1_132' title='bbox 1142 1336 1191 1378; x_wconf 88' lang='lat' dir='ltr'>P.</span> <span class='ocrx_word' id='word_1_133' title='bbox 1216 1335 1416 1378; x_wconf 88' lang='lat' dir='ltr'>Globus</span> <span class='ocrx_word' id='word_1_134' title='bbox 1437 1334 1656 1389; x_wconf 89' lang='lat' dir='ltr'>quidam</span> <span class='ocrx_word' id='word_1_135' title='bbox 1676 1334 1762 1377; x_wconf 91' lang='lat' dir='ltr'>cui</span> <span class='ocrx_word' id='word_1_136' title='bbox 1780 1334 2068 1389; x_wconf 89' lang='lat' dir='ltr'>imponitur</span> <span class='ocrx_word' id='word_1_137' title='bbox 2087 1333 2494 1377; x_wconf 90' lang='lat' dir='ltr'>Instrumentum</span> 
     </span>
     <span class='ocr_line' id='line_1_16' title="bbox 287 1405 2493 1460; baseline -0.002 -9"><span class='ocrx_word' id='word_1_138' title='bbox 287 1407 421 1451; x_wconf 90' lang='lat' dir='ltr'>inter</span> <span class='ocrx_word' id='word_1_139' title='bbox 435 1406 826 1451; x_wconf 90' lang='lat' dir='ltr'>observandum</span> <span class='ocrx_word' id='word_1_140' title='bbox 842 1405 1110 1449; x_wconf 87' lang='lat' dir='ltr'>distantias</span> <span class='ocrx_word' id='word_1_141' title='bbox 1124 1405 1421 1458; x_wconf 89' lang='lat' dir='ltr'>Stellarum,</span> <span class='ocrx_word' id='word_1_142' title='bbox 1442 1408 1500 1448; x_wconf 92' lang='lat' dir='ltr'>ut</span> <span class='ocrx_word' id='word_1_143' title='bbox 1521 1405 1674 1449; x_wconf 92' lang='lat' dir='ltr'>fulcri</span> <span class='ocrx_word' id='word_1_144' title='bbox 1693 1406 1814 1449; x_wconf 95' lang='lat' dir='ltr'>loco</span> <span class='ocrx_word' id='word_1_145' title='bbox 1836 1406 1910 1458; x_wconf 86' lang='lat' dir='ltr'>fit,</span> <span class='ocrx_word' id='word_1_146' title='bbox 1932 1417 2037 1460; x_wconf 92' lang='lat' dir='ltr'>quo</span> <span class='ocrx_word' id='word_1_147' title='bbox 2057 1405 2111 1448; x_wconf 93' lang='lat' dir='ltr'>in</span> <span class='ocrx_word' id='word_1_148' title='bbox 2131 1417 2195 1449; x_wconf 95' lang='lat' dir='ltr'>eo</span> <span class='ocrx_word' id='word_1_149' title='bbox 2217 1405 2287 1448; x_wconf 93' lang='lat' dir='ltr'>ad</span> <span class='ocrx_word' id='word_1_150' title='bbox 2307 1416 2493 1449; x_wconf 92' lang='lat' dir='ltr'>omnes</span> 
     </span>
     <span class='ocr_line' id='line_1_17' title="bbox 286 1476 2493 1534; baseline -0.001 -13"><span class='ocrx_word' id='word_1_151' title='bbox 286 1480 468 1534; x_wconf 88' lang='lat' dir='ltr'>plagas</span> <span class='ocrx_word' id='word_1_152' title='bbox 501 1477 751 1522; x_wconf 92' lang='lat' dir='ltr'>convolvi</span> <span class='ocrx_word' id='word_1_153' title='bbox 788 1477 951 1532; x_wconf 88' lang='lat' dir='ltr'>possit,</span> <span class='ocrx_word' id='word_1_154' title='bbox 992 1476 1162 1531; x_wconf 91' lang='lat' dir='ltr'>qualis</span> <span class='ocrx_word' id='word_1_155' title='bbox 1200 1476 1361 1520; x_wconf 91' lang='lat' dir='ltr'>etiam</span> <span class='ocrx_word' id='word_1_156' title='bbox 1401 1476 1696 1531; x_wconf 90' lang='lat' dir='ltr'>depingitur</span> <span class='ocrx_word' id='word_1_157' title='bbox 1727 1476 1960 1531; x_wconf 91' lang='lat' dir='ltr'>superius</span> <span class='ocrx_word' id='word_1_158' title='bbox 1993 1477 2136 1531; x_wconf 91' lang='lat' dir='ltr'>apud</span> <span class='ocrx_word' id='word_1_159' title='bbox 2168 1477 2493 1528; x_wconf 89' lang='lat' dir='ltr'>Sextantem,</span> 
     </span>
     <span class='ocr_line' id='line_1_18' title="bbox 287 1546 2496 1603; baseline -0.001 -11"><span class='ocrx_word' id='word_1_160' title='bbox 287 1562 431 1593; x_wconf 88' lang='lat' dir='ltr'>num.</span> <span class='ocrx_word' id='word_1_161' title='bbox 459 1549 526 1592; x_wconf 89' lang='lat'>16.</span> <span class='ocrx_word' id='word_1_162' title='bbox 556 1548 693 1592; x_wconf 88' lang='lat' dir='ltr'>Huic</span> <span class='ocrx_word' id='word_1_163' title='bbox 716 1549 891 1592; x_wconf 86' lang='lat' dir='ltr'>fimilis</span> <span class='ocrx_word' id='word_1_164' title='bbox 911 1549 1091 1591; x_wconf 92' lang='lat' dir='ltr'>versus</span> <span class='ocrx_word' id='word_1_165' title='bbox 1112 1549 1363 1592; x_wconf 91' lang='lat' dir='ltr'>occasum</span> <span class='ocrx_word' id='word_1_166' title='bbox 1387 1548 1680 1603; x_wconf 84' lang='lat' dir='ltr'>respondet.</span> <span class='ocrx_word' id='word_1_167' title='bbox 1711 1547 1771 1600; x_wconf 89' lang='lat' dir='ltr'>Q.</span> <span class='ocrx_word' id='word_1_168' title='bbox 1793 1547 2038 1591; x_wconf 84' lang='lat' dir='ltr'>Ambitus</span> <span class='ocrx_word' id='word_1_169' title='bbox 2059 1546 2413 1603; x_wconf 69' lang='lat' dir='ltr'>Ocstogonalis,</span> <span class='ocrx_word' id='word_1_170' title='bbox 2441 1547 2496 1590; x_wconf 92' lang='lat' dir='ltr'>in</span> 
     </span>
     <span class='ocr_line' id='line_1_19' title="bbox 288 1618 2495 1676; baseline -0.001 -12"><span class='ocrx_word' id='word_1_171' title='bbox 288 1632 393 1676; x_wconf 94' lang='lat' dir='ltr'>quo</span> <span class='ocrx_word' id='word_1_172' title='bbox 409 1622 530 1664; x_wconf 84' lang='lat' dir='ltr'>situs</span> <span class='ocrx_word' id='word_1_173' title='bbox 544 1619 615 1664; x_wconf 82' lang='lat' dir='ltr'>est</span> <span class='ocrx_word' id='word_1_174' title='bbox 631 1619 831 1663; x_wconf 90' lang='lat' dir='ltr'>Globus</span> <span class='ocrx_word' id='word_1_175' title='bbox 845 1618 1144 1674; x_wconf 74' lang='lat' dir='ltr'>praedid&#39;tus.</span> <span class='ocrx_word' id='word_1_176' title='bbox 1170 1620 1230 1662; x_wconf 90' lang='lat' dir='ltr'>N.</span> <span class='ocrx_word' id='word_1_177' title='bbox 1248 1620 1683 1663; x_wconf 90' lang='lat' dir='ltr'>Observatorium</span> <span class='ocrx_word' id='word_1_178' title='bbox 1696 1619 1872 1662; x_wconf 93' lang='lat' dir='ltr'>minus</span> <span class='ocrx_word' id='word_1_179' title='bbox 1887 1618 2233 1662; x_wconf 90' lang='lat' dir='ltr'>Meridionale</span> <span class='ocrx_word' id='word_1_180' title='bbox 2247 1618 2495 1662; x_wconf 88' lang='lat' dir='ltr'>Armillas</span> 
     </span>
     <span class='ocr_line' id='line_1_20' title="bbox 286 1690 2495 1746; baseline -0 -11"><span class='ocrx_word' id='word_1_181' title='bbox 286 1691 634 1746; x_wconf 84' lang='lat' dir='ltr'>AEquatorias</span> <span class='ocrx_word' id='word_1_182' title='bbox 655 1691 871 1745; x_wconf 90' lang='lat' dir='ltr'>capiens</span> <span class='ocrx_word' id='word_1_183' title='bbox 890 1691 1231 1746; x_wconf 90' lang='lat' dir='ltr'>undiquaque</span> <span class='ocrx_word' id='word_1_184' title='bbox 1247 1691 1611 1734; x_wconf 90' lang='lat' dir='ltr'>Orichalcicas</span> <span class='ocrx_word' id='word_1_185' title='bbox 1631 1703 1775 1734; x_wconf 92' lang='lat' dir='ltr'>num.</span> <span class='ocrx_word' id='word_1_186' title='bbox 1796 1690 1863 1734; x_wconf 89' lang='lat'>13.</span> <span class='ocrx_word' id='word_1_187' title='bbox 1881 1690 2155 1734; x_wconf 87' lang='lat' dir='ltr'>indicatas.</span> <span class='ocrx_word' id='word_1_188' title='bbox 2172 1691 2256 1734; x_wconf 91' lang='lat' dir='ltr'>W.</span> <span class='ocrx_word' id='word_1_189' title='bbox 2274 1691 2495 1734; x_wconf 91' lang='lat' dir='ltr'>Descen-</span> 
     </span>
     <span class='ocr_line' id='line_1_21' title="bbox 288 1761 2494 1818; baseline -0 -12"><span class='ocrx_word' id='word_1_190' title='bbox 288 1763 370 1807; x_wconf 91' lang='lat' dir='ltr'>sus</span> <span class='ocrx_word' id='word_1_191' title='bbox 395 1764 449 1806; x_wconf 94' lang='lat' dir='ltr'>in</span> <span class='ocrx_word' id='word_1_192' title='bbox 474 1762 859 1806; x_wconf 91' lang='lat' dir='ltr'>laboratorium</span> <span class='ocrx_word' id='word_1_193' title='bbox 886 1763 927 1805; x_wconf 74' lang='grc' dir='ltr'>ἃ</span> <span class='ocrx_word' id='word_1_194' title='bbox 955 1763 1196 1806; x_wconf 92' lang='lat' dir='ltr'>ascensus</span> <span class='ocrx_word' id='word_1_195' title='bbox 1222 1761 1275 1804; x_wconf 91' lang='lat' dir='ltr'>in</span> <span class='ocrx_word' id='word_1_196' title='bbox 1303 1761 1751 1806; x_wconf 88' lang='lat' dir='ltr'>Observatorium.</span> <span class='ocrx_word' id='word_1_197' title='bbox 1784 1763 1835 1805; x_wconf 90' lang='lat' dir='ltr'>R.</span> <span class='ocrx_word' id='word_1_198' title='bbox 1860 1762 2294 1806; x_wconf 88' lang='lat' dir='ltr'>Observatorium</span> <span class='ocrx_word' id='word_1_199' title='bbox 2322 1762 2494 1818; x_wconf 87' lang='lat' dir='ltr'>majus</span> 
     </span>
     <span class='ocr_line' id='line_1_22' title="bbox 286 1833 2495 1889; baseline -0 -12"><span class='ocrx_word' id='word_1_200' title='bbox 286 1834 719 1889; x_wconf 91' lang='lat' dir='ltr'>Septentrionale‚</span> <span class='ocrx_word' id='word_1_201' title='bbox 750 1835 950 1889; x_wconf 92' lang='lat' dir='ltr'>aliquot</span> <span class='ocrx_word' id='word_1_202' title='bbox 975 1834 1138 1877; x_wconf 91' lang='lat' dir='ltr'>etiam</span> <span class='ocrx_word' id='word_1_203' title='bbox 1164 1833 1370 1888; x_wconf 90' lang='lat' dir='ltr'>magnis</span> <span class='ocrx_word' id='word_1_204' title='bbox 1396 1833 1754 1877; x_wconf 85' lang='lat' dir='ltr'>Instrumentis</span> <span class='ocrx_word' id='word_1_205' title='bbox 1780 1833 2056 1884; x_wconf 78' lang='lat' dir='ltr'>refertum:</span> <span class='ocrx_word' id='word_1_206' title='bbox 2084 1836 2268 1888; x_wconf 88' lang='lat' dir='ltr'>utpote</span> <span class='ocrx_word' id='word_1_207' title='bbox 2292 1833 2495 1889; x_wconf 91' lang='lat' dir='ltr'>Regulis</span> 
     </span>
     <span class='ocr_line' id='line_1_23' title="bbox 286 1904 2495 1961; baseline -0 -13"><span class='ocrx_word' id='word_1_208' title='bbox 286 1906 389 1949; x_wconf 87' lang='lat' dir='ltr'>five</span> <span class='ocrx_word' id='word_1_209' title='bbox 409 1905 721 1949; x_wconf 90' lang='lat' dir='ltr'>Parallatico</span> <span class='ocrx_word' id='word_1_210' title='bbox 745 1905 951 1961; x_wconf 89' lang='lat' dir='ltr'>majore</span> <span class='ocrx_word' id='word_1_211' title='bbox 972 1905 1324 1957; x_wconf 87' lang='lat' dir='ltr'>Orichalcico‚</span> <span class='ocrx_word' id='word_1_212' title='bbox 1353 1906 1497 1960; x_wconf 90' lang='lat' dir='ltr'>quod</span> <span class='ocrx_word' id='word_1_213' title='bbox 1522 1904 1575 1947; x_wconf 93' lang='lat' dir='ltr'>in</span> <span class='ocrx_word' id='word_1_214' title='bbox 1601 1905 1740 1949; x_wconf 88' lang='lat' dir='ltr'>muri</span> <span class='ocrx_word' id='word_1_215' title='bbox 1760 1905 2188 1949; x_wconf 76' lang='lat' dir='ltr'>circumferentia</span> <span class='ocrx_word' id='word_1_216' title='bbox 2208 1904 2495 1948; x_wconf 87' lang='lat' dir='ltr'>Azimutha</span> 
     </span>
     <span class='ocr_line' id='line_1_24' title="bbox 285 1976 2495 2031; baseline -0.001 -10"><span class='ocrx_word' id='word_1_217' title='bbox 285 1977 447 2021; x_wconf 86' lang='lat' dir='ltr'>etiarn</span> <span class='ocrx_word' id='word_1_218' title='bbox 474 1977 789 2021; x_wconf 84' lang='lat' dir='ltr'>monstraret</span> <span class='ocrx_word' id='word_1_219' title='bbox 814 1989 958 2020; x_wconf 92' lang='lat' dir='ltr'>num.</span> <span class='ocrx_word' id='word_1_220' title='bbox 991 1976 1059 2020; x_wconf 95' lang='lat' dir='ltr'>lO.</span> <span class='ocrx_word' id='word_1_221' title='bbox 1088 1978 1388 2031; x_wconf 91' lang='lat' dir='ltr'>explanato.</span> <span class='ocrx_word' id='word_1_222' title='bbox 1419 1977 1542 2019; x_wconf 90' lang='lat' dir='ltr'>Erat</span> <span class='ocrx_word' id='word_1_223' title='bbox 1568 1988 1779 2031; x_wconf 88' lang='lat' dir='ltr'>quoque</span> <span class='ocrx_word' id='word_1_224' title='bbox 1804 1977 1858 2019; x_wconf 95' lang='lat' dir='ltr'>in</span> <span class='ocrx_word' id='word_1_225' title='bbox 1884 1977 2076 2020; x_wconf 78' lang='lat' dir='ltr'>eadem</span> <span class='ocrx_word' id='word_1_226' title='bbox 2094 1976 2244 2020; x_wconf 91' lang='lat' dir='ltr'>Turri</span> <span class='ocrx_word' id='word_1_227' title='bbox 2270 1976 2495 2019; x_wconf 90' lang='lat' dir='ltr'>Sextans</span> 
     </span>
     <span class='ocr_line' id='line_1_25' title="bbox 285 2047 2494 2103; baseline -0.001 -11"><span class='ocrx_word' id='word_1_228' title='bbox 285 2060 380 2103; x_wconf 92' lang='lat' dir='ltr'>per</span> <span class='ocrx_word' id='word_1_229' title='bbox 398 2048 616 2092; x_wconf 91' lang='lat' dir='ltr'>unicum</span> <span class='ocrx_word' id='word_1_230' title='bbox 637 2048 1048 2092; x_wconf 90' lang='lat' dir='ltr'>Observatorem</span> <span class='ocrx_word' id='word_1_231' title='bbox 1069 2048 1335 2091; x_wconf 85' lang='lat' dir='ltr'>distantias</span> <span class='ocrx_word' id='word_1_232' title='bbox 1359 2047 1626 2103; x_wconf 86' lang='lat' dir='ltr'>praebens:</span> <span class='ocrx_word' id='word_1_233' title='bbox 1650 2048 1691 2091; x_wconf 77' lang='lat'>81</span> <span class='ocrx_word' id='word_1_234' title='bbox 1711 2048 1881 2091; x_wconf 87' lang='lat' dir='ltr'>Arcus</span> <span class='ocrx_word' id='word_1_235' title='bbox 1900 2047 1986 2091; x_wconf 90' lang='lat' dir='ltr'>ille</span> <span class='ocrx_word' id='word_1_236' title='bbox 2006 2047 2306 2103; x_wconf 90' lang='lat' dir='ltr'>bipartitus;</span> <span class='ocrx_word' id='word_1_237' title='bbox 2335 2049 2494 2101; x_wconf 90' lang='lat' dir='ltr'>atque</span> 
     </span>
     <span class='ocr_line' id='line_1_26' title="bbox 284 2117 2495 2175; baseline -0.001 -12"><span class='ocrx_word' id='word_1_238' title='bbox 284 2120 411 2163; x_wconf 89' lang='lat' dir='ltr'>illud</span> <span class='ocrx_word' id='word_1_239' title='bbox 432 2120 840 2164; x_wconf 87' lang='lat' dir='ltr'>Instrumentum</span> <span class='ocrx_word' id='word_1_240' title='bbox 867 2120 1016 2175; x_wconf 91' lang='lat' dir='ltr'>cujus</span> <span class='ocrx_word' id='word_1_241' title='bbox 1041 2119 1095 2163; x_wconf 92' lang='lat' dir='ltr'>in</span> <span class='ocrx_word' id='word_1_242' title='bbox 1122 2119 1453 2163; x_wconf 90' lang='lat' dir='ltr'>observanda</span> <span class='ocrx_word' id='word_1_243' title='bbox 1473 2121 1614 2163; x_wconf 79' lang='lat' dir='ltr'>nova</span> <span class='ocrx_word' id='word_1_244' title='bbox 1637 2119 1778 2163; x_wconf 86' lang='lat' dir='ltr'>stella</span> <span class='ocrx_word' id='word_1_245' title='bbox 1799 2119 1926 2163; x_wconf 91' lang='lat' dir='ltr'>olim</span> <span class='ocrx_word' id='word_1_246' title='bbox 1946 2119 2066 2162; x_wconf 92' lang='lat' dir='ltr'>usus</span> <span class='ocrx_word' id='word_1_247' title='bbox 2087 2122 2221 2163; x_wconf 85' lang='lat' dir='ltr'>erat:</span> <span class='ocrx_word' id='word_1_248' title='bbox 2252 2131 2373 2174; x_wconf 84' lang='lat' dir='ltr'>quae</span> <span class='ocrx_word' id='word_1_249' title='bbox 2392 2117 2495 2161; x_wconf 88' lang='lat' dir='ltr'>tria</span> 
     </span>
     <span class='ocr_line' id='line_1_27' title="bbox 287 2190 2496 2246; baseline -0.001 -11"><span class='ocrx_word' id='word_1_250' title='bbox 287 2195 445 2235; x_wconf 90' lang='lat' dir='ltr'>antea</span> <span class='ocrx_word' id='word_1_251' title='bbox 459 2191 693 2235; x_wconf 91' lang='lat' dir='ltr'>numeris</span> <span class='ocrx_word' id='word_1_252' title='bbox 712 2191 779 2234; x_wconf 94' lang='lat'>17.</span> <span class='ocrx_word' id='word_1_253' title='bbox 793 2192 834 2234; x_wconf 71' lang='lat'>81</span> <span class='ocrx_word' id='word_1_254' title='bbox 850 2191 917 2234; x_wconf 90' lang='lat'>15.</span> <span class='ocrx_word' id='word_1_255' title='bbox 933 2191 973 2233; x_wconf 69' lang='lat'>81</span> <span class='ocrx_word' id='word_1_256' title='bbox 989 2191 1056 2234; x_wconf 91' lang='lat'>18.</span> <span class='ocrx_word' id='word_1_257' title='bbox 1074 2194 1423 2246; x_wconf 89' lang='lat' dir='ltr'>exponuntur.</span> <span class='ocrx_word' id='word_1_258' title='bbox 1445 2190 1869 2235; x_wconf 89' lang='lat' dir='ltr'>Conservabatur</span> <span class='ocrx_word' id='word_1_259' title='bbox 1883 2191 2044 2234; x_wconf 91' lang='lat' dir='ltr'>etiarn</span> <span class='ocrx_word' id='word_1_260' title='bbox 2062 2190 2258 2234; x_wconf 89' lang='lat' dir='ltr'>ibidem</span> <span class='ocrx_word' id='word_1_261' title='bbox 2273 2190 2496 2233; x_wconf 90' lang='lat' dir='ltr'>Paralla-</span> 
     </span>
     <span class='ocr_line' id='line_1_28' title="bbox 285 2262 2495 2319; baseline -0 -13"><span class='ocrx_word' id='word_1_262' title='bbox 285 2263 451 2307; x_wconf 92' lang='lat' dir='ltr'>ticum</span> <span class='ocrx_word' id='word_1_263' title='bbox 472 2264 744 2318; x_wconf 89' lang='lat' dir='ltr'>quoddam</span> <span class='ocrx_word' id='word_1_264' title='bbox 765 2263 996 2318; x_wconf 93' lang='lat' dir='ltr'>ligneum</span> <span class='ocrx_word' id='word_1_265' title='bbox 1017 2275 1049 2305; x_wconf 90' lang='lat' dir='ltr'>a</span> <span class='ocrx_word' id='word_1_266' title='bbox 1069 2274 1263 2319; x_wconf 90' lang='lat' dir='ltr'>magno</span> <span class='ocrx_word' id='word_1_267' title='bbox 1284 2262 1374 2306; x_wconf 91' lang='lat' dir='ltr'>illo</span> <span class='ocrx_word' id='word_1_268' title='bbox 1396 2262 1689 2317; x_wconf 91' lang='lat' dir='ltr'>Copernico</span> <span class='ocrx_word' id='word_1_269' title='bbox 1712 2263 1986 2317; x_wconf 91' lang='lat' dir='ltr'>quondam</span> <span class='ocrx_word' id='word_1_270' title='bbox 2005 2262 2058 2304; x_wconf 93' lang='lat' dir='ltr'>in</span> <span class='ocrx_word' id='word_1_271' title='bbox 2077 2262 2171 2305; x_wconf 92' lang='lat' dir='ltr'>usu</span> <span class='ocrx_word' id='word_1_272' title='bbox 2190 2262 2433 2305; x_wconf 91' lang='lat' dir='ltr'>habitum</span> <span class='ocrx_word' id='word_1_273' title='bbox 2454 2262 2495 2304; x_wconf 78' lang='lat'>81</span> 
     </span>
     <span class='ocr_line' id='line_1_29' title="bbox 286 2333 2494 2389; baseline 0 -12"><span class='ocrx_word' id='word_1_274' title='bbox 286 2334 417 2377; x_wconf 90' lang='lat' dir='ltr'>mihi</span> <span class='ocrx_word' id='word_1_275' title='bbox 430 2334 673 2377; x_wconf 90' lang='lat' dir='ltr'>Warmia</span> <span class='ocrx_word' id='word_1_276' title='bbox 688 2336 829 2378; x_wconf 92' lang='lat' dir='ltr'>dono</span> <span class='ocrx_word' id='word_1_277' title='bbox 846 2333 1072 2378; x_wconf 87' lang='lat' dir='ltr'>missum:</span> <span class='ocrx_word' id='word_1_278' title='bbox 1096 2334 1253 2389; x_wconf 91' lang='lat' dir='ltr'>Cujus</span> <span class='ocrx_word' id='word_1_279' title='bbox 1268 2333 1358 2377; x_wconf 93' lang='lat' dir='ltr'>suo</span> <span class='ocrx_word' id='word_1_280' title='bbox 1379 2334 1501 2377; x_wconf 95' lang='lat' dir='ltr'>loco</span> <span class='ocrx_word' id='word_1_281' title='bbox 1516 2333 1843 2378; x_wconf 91' lang='lat' dir='ltr'>mentionem</span> <span class='ocrx_word' id='word_1_282' title='bbox 1858 2333 1974 2377; x_wconf 88' lang='lat' dir='ltr'>feci.</span> <span class='ocrx_word' id='word_1_283' title='bbox 1991 2334 2040 2377; x_wconf 94' lang='lat' dir='ltr'>S.</span> <span class='ocrx_word' id='word_1_284' title='bbox 2059 2333 2494 2378; x_wconf 91' lang='lat' dir='ltr'>Observatorium</span> 
     </span>
     <span class='ocr_line' id='line_1_30' title="bbox 288 2404 2495 2460; baseline -0 -11"><span class='ocrx_word' id='word_1_285' title='bbox 288 2405 461 2449; x_wconf 91' lang='lat' dir='ltr'>minus</span> <span class='ocrx_word' id='word_1_286' title='bbox 476 2405 909 2460; x_wconf 90' lang='lat' dir='ltr'>Septentrionale‚</span> <span class='ocrx_word' id='word_1_287' title='bbox 932 2405 1064 2448; x_wconf 92' lang='lat' dir='ltr'>alias</span> <span class='ocrx_word' id='word_1_288' title='bbox 1078 2405 1328 2448; x_wconf 88' lang='lat' dir='ltr'>Armillas</span> <span class='ocrx_word' id='word_1_289' title='bbox 1342 2404 1690 2459; x_wconf 89' lang='lat' dir='ltr'>AEquatorias</span> <span class='ocrx_word' id='word_1_290' title='bbox 1711 2405 1988 2448; x_wconf 91' lang='lat' dir='ltr'>continens</span> <span class='ocrx_word' id='word_1_291' title='bbox 2007 2417 2152 2448; x_wconf 88' lang='lat' dir='ltr'>num.</span> <span class='ocrx_word' id='word_1_292' title='bbox 2179 2405 2246 2448; x_wconf 91' lang='lat'>12.</span> <span class='ocrx_word' id='word_1_293' title='bbox 2270 2405 2495 2449; x_wconf 90' lang='lat' dir='ltr'>delinea-</span> 
     </span>
     <span class='ocr_line' id='line_1_31' title="bbox 290 2475 2496 2531; baseline -0 -11"><span class='ocrx_word' id='word_1_294' title='bbox 290 2479 388 2520; x_wconf 92' lang='lat' dir='ltr'>tas.</span> <span class='ocrx_word' id='word_1_295' title='bbox 416 2477 469 2519; x_wconf 87' lang='lat' dir='ltr'>T.</span> <span class='ocrx_word' id='word_1_296' title='bbox 496 2476 642 2520; x_wconf 89' lang='lat' dir='ltr'>Alius</span> <span class='ocrx_word' id='word_1_297' title='bbox 663 2477 864 2521; x_wconf 92' lang='lat' dir='ltr'>Globus</span> <span class='ocrx_word' id='word_1_298' title='bbox 891 2475 1065 2519; x_wconf 85' lang='lat' dir='ltr'>similis</span> <span class='ocrx_word' id='word_1_299' title='bbox 1091 2476 1268 2530; x_wconf 92' lang='lat' dir='ltr'>priori,</span> <span class='ocrx_word' id='word_1_300' title='bbox 1297 2476 1450 2519; x_wconf 89' lang='lat' dir='ltr'>fulcri</span> <span class='ocrx_word' id='word_1_301' title='bbox 1475 2477 1596 2519; x_wconf 94' lang='lat' dir='ltr'>loco</span> <span class='ocrx_word' id='word_1_302' title='bbox 1622 2476 1956 2531; x_wconf 91' lang='lat' dir='ltr'>imponendis</span> <span class='ocrx_word' id='word_1_303' title='bbox 1982 2476 2318 2519; x_wconf 90' lang='lat' dir='ltr'>Sextantibus</span> <span class='ocrx_word' id='word_1_304' title='bbox 2342 2476 2496 2520; x_wconf 91' lang='lat' dir='ltr'>inser-</span> 
     </span>
     <span class='ocr_line' id='line_1_32' title="bbox 293 2547 2495 2602; baseline 0 -12"><span class='ocrx_word' id='word_1_305' title='bbox 293 2548 455 2599; x_wconf 92' lang='lat' dir='ltr'>viens,</span> <span class='ocrx_word' id='word_1_306' title='bbox 484 2548 570 2591; x_wconf 93' lang='lat' dir='ltr'>cui</span> <span class='ocrx_word' id='word_1_307' title='bbox 594 2548 755 2591; x_wconf 89' lang='lat' dir='ltr'>etiam</span> <span class='ocrx_word' id='word_1_308' title='bbox 781 2548 960 2591; x_wconf 88' lang='lat' dir='ltr'>versus</span> <span class='ocrx_word' id='word_1_309' title='bbox 987 2548 1236 2591; x_wconf 89' lang='lat' dir='ltr'>occasum</span> <span class='ocrx_word' id='word_1_310' title='bbox 1264 2547 1439 2590; x_wconf 82' lang='lat' dir='ltr'>similis</span> <span class='ocrx_word' id='word_1_311' title='bbox 1464 2548 1758 2602; x_wconf 88' lang='lat' dir='ltr'>respondet.</span> <span class='ocrx_word' id='word_1_312' title='bbox 1787 2547 1846 2590; x_wconf 93' lang='lat' dir='ltr'>In</span> <span class='ocrx_word' id='word_1_313' title='bbox 1872 2548 1993 2591; x_wconf 92' lang='lat' dir='ltr'>loco</span> <span class='ocrx_word' id='word_1_314' title='bbox 2021 2550 2202 2591; x_wconf 89' lang='lat' dir='ltr'>autem</span> <span class='ocrx_word' id='word_1_315' title='bbox 2229 2547 2495 2602; x_wconf 83' lang='lat' dir='ltr'>superiore</span> 
     </span>
     <span class='ocr_line' id='line_1_33' title="bbox 291 2617 2495 2674; baseline 0 -13"><span class='ocrx_word' id='word_1_316' title='bbox 291 2619 447 2673; x_wconf 85' lang='lat' dir='ltr'>ipsius</span> <span class='ocrx_word' id='word_1_317' title='bbox 468 2619 675 2671; x_wconf 91' lang='lat' dir='ltr'>domus,</span> <span class='ocrx_word' id='word_1_318' title='bbox 703 2619 793 2662; x_wconf 94' lang='lat' dir='ltr'>ubi</span> <span class='ocrx_word' id='word_1_319' title='bbox 817 2619 1057 2663; x_wconf 86' lang='lat' dir='ltr'>fenestrae</span> <span class='ocrx_word' id='word_1_320' title='bbox 1083 2619 1328 2662; x_wconf 86' lang='lat' dir='ltr'>rotundae</span> <span class='ocrx_word' id='word_1_321' title='bbox 1349 2618 1598 2671; x_wconf 87' lang='lat' dir='ltr'>visuntur,</span> <span class='ocrx_word' id='word_1_322' title='bbox 1627 2617 1819 2662; x_wconf 72' lang='lat' dir='ltr'>octona</span> <span class='ocrx_word' id='word_1_323' title='bbox 1843 2619 2090 2662; x_wconf 91' lang='lat' dir='ltr'>cubicula</span> <span class='ocrx_word' id='word_1_324' title='bbox 2109 2619 2238 2671; x_wconf 92' lang='lat' dir='ltr'>sunt,</span> <span class='ocrx_word' id='word_1_325' title='bbox 2265 2630 2364 2674; x_wconf 93' lang='lat' dir='ltr'>pro</span> <span class='ocrx_word' id='word_1_326' title='bbox 2385 2619 2495 2662; x_wconf 92' lang='lat' dir='ltr'>Stu-</span> 
     </span>
     <span class='ocr_line' id='line_1_34' title="bbox 293 2689 2496 2746; baseline 0.001 -14"><span class='ocrx_word' id='word_1_327' title='bbox 293 2690 461 2734; x_wconf 84' lang='lat' dir='ltr'>diofis.</span> <span class='ocrx_word' id='word_1_328' title='bbox 493 2702 533 2733; x_wconf 84' lang='grc' dir='ltr'>ε.</span> <span class='ocrx_word' id='word_1_329' title='bbox 562 2690 821 2745; x_wconf 93' lang='lat' dir='ltr'>Suprema</span> <span class='ocrx_word' id='word_1_330' title='bbox 848 2690 1073 2733; x_wconf 92' lang='lat' dir='ltr'>Camera</span> <span class='ocrx_word' id='word_1_331' title='bbox 1100 2689 1436 2745; x_wconf 74' lang='lat' dir='ltr'>Ocstogonalis</span> <span class='ocrx_word' id='word_1_332' title='bbox 1462 2689 1706 2745; x_wconf 86' lang='lat' dir='ltr'>proxime</span> <span class='ocrx_word' id='word_1_333' title='bbox 1730 2689 1869 2733; x_wconf 90' lang='lat' dir='ltr'>infra</span> <span class='ocrx_word' id='word_1_334' title='bbox 1895 2690 2164 2746; x_wconf 90' lang='lat' dir='ltr'>cuspidem</span> <span class='ocrx_word' id='word_1_335' title='bbox 2191 2691 2400 2742; x_wconf 91' lang='lat' dir='ltr'>domus,</span> <span class='ocrx_word' id='word_1_336' title='bbox 2429 2702 2496 2734; x_wconf 90' lang='lat' dir='ltr'>ex</span> 
     </span>
     <span class='ocr_line' id='line_1_35' title="bbox 293 2760 2495 2817; baseline 0 -13"><span class='ocrx_word' id='word_1_337' title='bbox 293 2773 398 2816; x_wconf 93' lang='lat' dir='ltr'>qua</span> <span class='ocrx_word' id='word_1_338' title='bbox 422 2762 654 2816; x_wconf 89' lang='lat' dir='ltr'>undique</span> <span class='ocrx_word' id='word_1_339' title='bbox 679 2764 825 2816; x_wconf 85' lang='lat' dir='ltr'>patet</span> <span class='ocrx_word' id='word_1_340' title='bbox 849 2760 1153 2816; x_wconf 70' lang='lat' dir='ltr'>prospectus</span> <span class='ocrx_word' id='word_1_341' title='bbox 1179 2761 1383 2805; x_wconf 90' lang='lat' dir='ltr'>habens</span> <span class='ocrx_word' id='word_1_342' title='bbox 1402 2761 1456 2804; x_wconf 91' lang='lat' dir='ltr'>in</span> <span class='ocrx_word' id='word_1_343' title='bbox 1476 2761 1698 2805; x_wconf 93' lang='lat' dir='ltr'>circuitu</span> <span class='ocrx_word' id='word_1_344' title='bbox 1719 2761 1996 2814; x_wconf 90' lang='lat' dir='ltr'>ambitum,</span> <span class='ocrx_word' id='word_1_345' title='bbox 2026 2773 2186 2817; x_wconf 92' lang='lat' dir='ltr'>quem</span> <span class='ocrx_word' id='word_1_346' title='bbox 2207 2762 2495 2806; x_wconf 90' lang='lat' dir='ltr'>Galleriam</span> 
     </span>
     <span class='ocr_line' id='line_1_36' title="bbox 291 2831 2492 2889; baseline 0 -14"><span class='ocrx_word' id='word_1_347' title='bbox 291 2835 490 2876; x_wconf 88' lang='lat' dir='ltr'>vocant</span> <span class='ocrx_word' id='word_1_348' title='bbox 515 2833 669 2888; x_wconf 94' lang='lat' dir='ltr'>supra</span> <span class='ocrx_word' id='word_1_349' title='bbox 694 2833 864 2887; x_wconf 93' lang='lat' dir='ltr'>ipsum</span> <span class='ocrx_word' id='word_1_350' title='bbox 888 2831 1100 2876; x_wconf 68' lang='lat' dir='ltr'>tectum.</span> <span class='ocrx_word' id='word_1_351' title='bbox 1131 2846 1203 2886; x_wconf 82' lang='grc' dir='ltr'>γγ.</span> <span class='ocrx_word' id='word_1_352' title='bbox 1232 2831 1520 2876; x_wconf 70' lang='lat' dir='ltr'>Structurae</span> <span class='ocrx_word' id='word_1_353' title='bbox 1547 2831 1914 2887; x_wconf 72' lang='lat' dir='ltr'>Otstogonales,</span> <span class='ocrx_word' id='word_1_354' title='bbox 1942 2833 1996 2876; x_wconf 91' lang='lat' dir='ltr'>in</span> <span class='ocrx_word' id='word_1_355' title='bbox 2022 2833 2211 2888; x_wconf 92' lang='lat' dir='ltr'>quibus</span> <span class='ocrx_word' id='word_1_356' title='bbox 2235 2833 2492 2889; x_wconf 90' lang='lat' dir='ltr'>imagines</span> 
     </span>
     <span class='ocr_line' id='line_1_37' title="bbox 293 2900 2495 2959; baseline 0.001 -13"><span class='ocrx_word' id='word_1_357' title='bbox 293 2903 482 2947; x_wconf 87' lang='lat' dir='ltr'>excisae</span> <span class='ocrx_word' id='word_1_358' title='bbox 501 2903 543 2946; x_wconf 91' lang='lat'>4.</span> <span class='ocrx_word' id='word_1_359' title='bbox 566 2904 703 2947; x_wconf 89' lang='lat' dir='ltr'>Anni</span> <span class='ocrx_word' id='word_1_360' title='bbox 722 2907 899 2959; x_wconf 92' lang='lat' dir='ltr'>partes</span> <span class='ocrx_word' id='word_1_361' title='bbox 919 2904 1223 2956; x_wconf 89' lang='lat' dir='ltr'>referentes,</span> <span class='ocrx_word' id='word_1_362' title='bbox 1252 2904 1656 2959; x_wconf 91' lang='lat' dir='ltr'>conspiciuntur.</span> <span class='ocrx_word' id='word_1_363' title='bbox 1688 2900 1770 2954; x_wconf 77' lang='lat' dir='ltr'>[3ss.</span> <span class='ocrx_word' id='word_1_364' title='bbox 1794 2904 2008 2959; x_wconf 88' lang='lat' dir='ltr'>Septem</span> <span class='ocrx_word' id='word_1_365' title='bbox 2029 2904 2231 2948; x_wconf 91' lang='lat' dir='ltr'>Camini</span> <span class='ocrx_word' id='word_1_366' title='bbox 2253 2904 2306 2948; x_wconf 92' lang='lat' dir='ltr'>in</span> <span class='ocrx_word' id='word_1_367' title='bbox 2328 2917 2495 2948; x_wconf 91' lang='lat' dir='ltr'>unum</span> 
     </span>
     <span class='ocr_line' id='line_1_38' title="bbox 293 2975 2496 3030; baseline 0.001 -13"><span class='ocrx_word' id='word_1_368' title='bbox 293 2975 582 3019; x_wconf 77' lang='lat' dir='ltr'>desinentes</span> <span class='ocrx_word' id='word_1_369' title='bbox 602 2975 782 3019; x_wconf 90' lang='lat' dir='ltr'>versus</span> <span class='ocrx_word' id='word_1_370' title='bbox 804 2975 1052 3028; x_wconf 86' lang='lat' dir='ltr'>austrum,</span> <span class='ocrx_word' id='word_1_371' title='bbox 1075 2976 1116 3018; x_wconf 74' lang='grc' dir='ltr'>ἃ</span> <span class='ocrx_word' id='word_1_372' title='bbox 1137 2975 1223 3019; x_wconf 89' lang='lat' dir='ltr'>alii</span> <span class='ocrx_word' id='word_1_373' title='bbox 1244 2976 1442 3030; x_wconf 91' lang='lat' dir='ltr'>septem</span> <span class='ocrx_word' id='word_1_374' title='bbox 1460 2975 1641 3019; x_wconf 90' lang='lat' dir='ltr'>versus</span> <span class='ocrx_word' id='word_1_375' title='bbox 1656 2975 1897 3028; x_wconf 90' lang='lat' dir='ltr'>Boream,</span> <span class='ocrx_word' id='word_1_376' title='bbox 1919 2975 1993 3019; x_wconf 93' lang='lat' dir='ltr'>ita</span> <span class='ocrx_word' id='word_1_377' title='bbox 2011 2978 2070 3019; x_wconf 92' lang='lat' dir='ltr'>ut</span> <span class='ocrx_word' id='word_1_378' title='bbox 2090 2987 2276 3019; x_wconf 92' lang='lat' dir='ltr'>omnes</span> <span class='ocrx_word' id='word_1_379' title='bbox 2291 2975 2496 3019; x_wconf 89' lang='lat' dir='ltr'>Camini</span> 
     </span>
     <span class='ocr_line' id='line_1_39' title="bbox 291 3045 2495 3103; baseline 0.001 -15"><span class='ocrx_word' id='word_1_380' title='bbox 291 3045 451 3089; x_wconf 90' lang='lat' dir='ltr'>totius</span> <span class='ocrx_word' id='word_1_381' title='bbox 480 3047 672 3091; x_wconf 94' lang='lat' dir='ltr'>domus</span> <span class='ocrx_word' id='word_1_382' title='bbox 700 3047 754 3090; x_wconf 91' lang='lat' dir='ltr'>in</span> <span class='ocrx_word' id='word_1_383' title='bbox 783 3047 990 3091; x_wconf 90' lang='lat' dir='ltr'>duobus</span> <span class='ocrx_word' id='word_1_384' title='bbox 1025 3046 1158 3091; x_wconf 93' lang='lat' dir='ltr'>locis</span> <span class='ocrx_word' id='word_1_385' title='bbox 1188 3045 1462 3090; x_wconf 74' lang='lat' dir='ltr'>distinctim</span> <span class='ocrx_word' id='word_1_386' title='bbox 1491 3049 1828 3090; x_wconf 90' lang='lat' dir='ltr'>concurrant.</span> <span class='ocrx_word' id='word_1_387' title='bbox 1864 3059 1908 3091; x_wconf 88' lang='grc' dir='ltr'>ν.</span> <span class='ocrx_word' id='word_1_388' title='bbox 1941 3046 2308 3102; x_wconf 89' lang='lat' dir='ltr'>Horologium,</span> <span class='ocrx_word' id='word_1_389' title='bbox 2346 3047 2495 3103; x_wconf 90' lang='lat' dir='ltr'>cujus</span> 
     </span>
     <span class='ocr_line' id='line_1_40' title="bbox 293 3115 2496 3173; baseline 0.001 -13"><span class='ocrx_word' id='word_1_390' title='bbox 293 3128 559 3172; x_wconf 89' lang='lat' dir='ltr'>campana</span> <span class='ocrx_word' id='word_1_391' title='bbox 588 3129 627 3170; x_wconf 89' lang='grc' dir='ltr'>ς.</span> <span class='ocrx_word' id='word_1_392' title='bbox 662 3118 896 3173; x_wconf 90' lang='lat' dir='ltr'>superius</span> <span class='ocrx_word' id='word_1_393' title='bbox 926 3119 1134 3173; x_wconf 92' lang='lat' dir='ltr'>pendet.</span> <span class='ocrx_word' id='word_1_394' title='bbox 1169 3115 1213 3162; x_wconf 81' lang='grc' dir='ltr'>λ.</span> <span class='ocrx_word' id='word_1_395' title='bbox 1244 3118 1463 3173; x_wconf 83' lang='lat' dir='ltr'>Pegasus</span> <span class='ocrx_word' id='word_1_396' title='bbox 1495 3121 1728 3170; x_wconf 91' lang='lat' dir='ltr'>auratus,</span> <span class='ocrx_word' id='word_1_397' title='bbox 1763 3118 1852 3173; x_wconf 93' lang='lat' dir='ltr'>qui</span> <span class='ocrx_word' id='word_1_398' title='bbox 1879 3118 2106 3162; x_wconf 90' lang='lat' dir='ltr'>versatili</span> <span class='ocrx_word' id='word_1_399' title='bbox 2135 3118 2324 3171; x_wconf 92' lang='lat' dir='ltr'>indice,</span> <span class='ocrx_word' id='word_1_400' title='bbox 2356 3118 2496 3162; x_wconf 88' lang='lat' dir='ltr'>infra</span> 
     </span>
     <span class='ocr_line' id='line_1_41' title="bbox 291 3188 2495 3244; baseline 0.001 -13"><span class='ocrx_word' id='word_1_401' title='bbox 291 3188 591 3232; x_wconf 91' lang='lat' dir='ltr'>tabulatum</span> <span class='ocrx_word' id='word_1_402' title='bbox 612 3189 872 3244; x_wconf 84' lang='lat' dir='ltr'>supremae</span> <span class='ocrx_word' id='word_1_403' title='bbox 893 3190 1135 3233; x_wconf 84' lang='lat' dir='ltr'>Camerae</span> <span class='ocrx_word' id='word_1_404' title='bbox 1157 3188 1390 3241; x_wconf 86' lang='lat' dir='ltr'>ostendit,</span> <span class='ocrx_word' id='word_1_405' title='bbox 1417 3189 1557 3233; x_wconf 91' lang='lat' dir='ltr'>unde</span> <span class='ocrx_word' id='word_1_406' title='bbox 1577 3189 1719 3232; x_wconf 89' lang='lat' dir='ltr'>venti</span> <span class='ocrx_word' id='word_1_407' title='bbox 1741 3189 1944 3244; x_wconf 91' lang='lat' dir='ltr'>spirent.</span> <span class='ocrx_word' id='word_1_408' title='bbox 1974 3189 2155 3244; x_wconf 91' lang='lat' dir='ltr'>Ibique</span> <span class='ocrx_word' id='word_1_409' title='bbox 2180 3190 2313 3233; x_wconf 91' lang='lat' dir='ltr'>alius</span> <span class='ocrx_word' id='word_1_410' title='bbox 2335 3189 2495 3233; x_wconf 87' lang='lat' dir='ltr'>index</span> 
     </span>
     <span class='ocr_line' id='line_1_42' title="bbox 293 3258 2493 3313; baseline 0.001 -11"><span class='ocrx_word' id='word_1_411' title='bbox 293 3258 345 3302; x_wconf 91' lang='lat' dir='ltr'>in</span> <span class='ocrx_word' id='word_1_412' title='bbox 374 3260 565 3303; x_wconf 92' lang='lat' dir='ltr'>eodem</span> <span class='ocrx_word' id='word_1_413' title='bbox 595 3263 777 3304; x_wconf 91' lang='lat' dir='ltr'>centro</span> <span class='ocrx_word' id='word_1_414' title='bbox 807 3260 1050 3304; x_wconf 89' lang='lat' dir='ltr'>volubilis</span> <span class='ocrx_word' id='word_1_415' title='bbox 1079 3261 1242 3304; x_wconf 89' lang='lat' dir='ltr'>horas</span> <span class='ocrx_word' id='word_1_416' title='bbox 1271 3260 1540 3304; x_wconf 83' lang='lat' dir='ltr'>monstrat.</span> <span class='ocrx_word' id='word_1_417' title='bbox 1567 3260 1705 3304; x_wconf 89' lang='lat' dir='ltr'>Talis</span> <span class='ocrx_word' id='word_1_418' title='bbox 1735 3260 1805 3304; x_wconf 88' lang='lat' dir='ltr'>est</span> <span class='ocrx_word' id='word_1_419' title='bbox 1834 3260 2065 3304; x_wconf 85' lang='lat' dir='ltr'>exterior</span> <span class='ocrx_word' id='word_1_420' title='bbox 2091 3260 2257 3304; x_wconf 90' lang='lat' dir='ltr'>facies</span> <span class='ocrx_word' id='word_1_421' title='bbox 2284 3261 2493 3313; x_wconf 91' lang='lat' dir='ltr'>domus,</span> 
     </span>
     <span class='ocr_line' id='line_1_43' title="bbox 294 3330 2494 3387; baseline 0.001 -13"><span class='ocrx_word' id='word_1_422' title='bbox 294 3331 397 3375; x_wconf 84' lang='lat' dir='ltr'>five</span> <span class='ocrx_word' id='word_1_423' title='bbox 416 3331 482 3375; x_wconf 91' lang='lat' dir='ltr'>ab</span> <span class='ocrx_word' id='word_1_424' title='bbox 499 3331 712 3375; x_wconf 90' lang='lat' dir='ltr'>Oriente</span> <span class='ocrx_word' id='word_1_425' title='bbox 733 3332 836 3375; x_wconf 86' lang='lat' dir='ltr'>five</span> <span class='ocrx_word' id='word_1_426' title='bbox 858 3332 925 3376; x_wconf 93' lang='lat' dir='ltr'>ab</span> <span class='ocrx_word' id='word_1_427' title='bbox 943 3331 1148 3376; x_wconf 89' lang='lat' dir='ltr'>Occasu</span> <span class='ocrx_word' id='word_1_428' title='bbox 1169 3330 1440 3387; x_wconf 75' lang='lat' dir='ltr'>sped&#39;tetur,</span> <span class='ocrx_word' id='word_1_429' title='bbox 1463 3332 1504 3374; x_wconf 73' lang='grc' dir='ltr'><strong>ἃ</strong></span> <span class='ocrx_word' id='word_1_430' title='bbox 1525 3332 1560 3375; x_wconf 84' lang='lat' dir='ltr'>fi</span> <span class='ocrx_word' id='word_1_431' title='bbox 1582 3331 1985 3376; x_wconf 88' lang='lat' dir='ltr'>Meridionalem</span> <span class='ocrx_word' id='word_1_432' title='bbox 2005 3335 2213 3387; x_wconf 89' lang='lat' dir='ltr'>partem</span> <span class='ocrx_word' id='word_1_433' title='bbox 2235 3332 2349 3387; x_wconf 92' lang='lat' dir='ltr'>quis</span> <span class='ocrx_word' id='word_1_434' title='bbox 2369 3344 2494 3376; x_wconf 90' lang='lat' dir='ltr'>cum</span> 
     </span>
    </p>
   </div>
   <div class='ocr_carea' id='block_1_3' title="bbox 2039 3405 2494 3471">
    <p class='ocr_par' dir='ltr' id='par_1_3' title="bbox 2039 3405 2494 3471">
     <span class='ocr_line' id='line_1_44' title="bbox 2039 3405 2494 3471; baseline -0.002 -11"><span class='ocrx_word' id='word_1_435' title='bbox 2039 3405 2494 3471; x_wconf 87' lang='lat' dir='ltr'>Septentrionali</span> 
     </span>
    </p>
   </div>
   <div class='ocr_carea' id='block_1_4' title="bbox 2546 1056 2589 1092">
    <p class='ocr_par' dir='ltr' id='par_1_4' title="bbox 2546 1056 2589 1092">
     <span class='ocr_line' id='line_1_45' title="bbox 2546 1056 2589 1092; baseline 0.023 -1"><span class='ocrx_word' id='word_1_436' title='bbox 2546 1056 2589 1092; x_wconf 84' lang='lat'>10</span> 
     </span>
    </p>
   </div>
   <div class='ocr_carea' id='block_1_5' title="bbox 2547 1413 2590 1448">
    <p class='ocr_par' dir='ltr' id='par_1_5' title="bbox 2547 1413 2590 1448">
     <span class='ocr_line' id='line_1_46' title="bbox 2547 1413 2590 1448; baseline 0 0"><span class='ocrx_word' id='word_1_437' title='bbox 2547 1413 2590 1448; x_wconf 85' lang='lat'>15</span> 
     </span>
    </p>
   </div>
   <div class='ocr_carea' id='block_1_6' title="bbox 2543 2127 2590 2162">
    <p class='ocr_par' dir='ltr' id='par_1_6' title="bbox 2543 2127 2590 2162">
     <span class='ocr_line' id='line_1_47' title="bbox 2543 2127 2590 2162; baseline 0 0"><span class='ocrx_word' id='word_1_438' title='bbox 2543 2127 2590 2162; x_wconf 88' lang='lat'>25</span> 
     </span>
    </p>
   </div>
   <div class='ocr_carea' id='block_1_7' title="bbox 2541 2840 2588 2876">
    <p class='ocr_par' dir='ltr' id='par_1_7' title="bbox 2541 2840 2588 2876">
     <span class='ocr_line' id='line_1_48' title="bbox 2541 2840 2588 2876; baseline 0 0"><span class='ocrx_word' id='word_1_439' title='bbox 2541 2840 2588 2876; x_wconf 87' lang='grc'>35</span> 
     </span>
    </p>
   </div>
   <div class='ocr_carea' id='block_1_8' title="bbox 2542 3195 2590 3232">
    <p class='ocr_par' dir='ltr' id='par_1_8' title="bbox 2542 3195 2590 3232">
     <span class='ocr_line' id='line_1_49' title="bbox 2542 3195 2590 3232; baseline 0.021 -1"><span class='ocrx_word' id='word_1_440' title='bbox 2542 3195 2590 3232; x_wconf 78' lang='lat'>40</span> 
     </span>
    </p>
   </div>
  </div>
 </body>
</html>
