2638 3952
102 1149 145 1184 10

103 1575 145 1610 15

98 2411 144 2446 25

99 3246 145 3280 35

717 268 1101 321 CALCULI
1129 266 1465 320 ORBITAE
1492 268 1869 321 SATURNI
2286 270 2389 322 253

263 412 459 475 Atque
486 410 616 463 haec
637 410 963 462 observatio
984 416 1107 462 erat
1128 409 1290 474 quafi
1308 410 1506 463 medio
1526 410 1659 463 loco
1678 413 1829 463 inter
1849 411 2175 476 Perigaeum
2196 418 2251 463 et
2270 427 2388 463 me-

141 479 145 482 ’
192 482 354 534 diam
368 481 805 547 elongationem
819 481 1107 533 excedens
1120 480 1492 533 solummodo
1508 482 1752 534 dimidio
1766 482 1941 547 fign0,
1964 490 2018 534 et
2039 485 2243 535 omnia
2262 482 2392 534 sunt

193 552 470 617 exquifite
490 553 814 617 supputata,
839 552 1041 605 habita
1061 551 1263 616 aliqua
1282 555 1511 605 ratione
1531 560 1727 605 motus
1752 553 1789 618 b
1813 556 1876 605 in
1895 556 2134 618 proprio
2155 553 2389 605 circulo,

192 624 353 676 Hinc
384 626 558 689 igitur
591 623 775 688 liquet
807 623 967 687 quod
999 623 1255 675 deviatio
1288 626 1726 676 eccentricitatis
1760 627 1990 676 ratione
2023 625 2262 677 alterius
2293 624 2393 676 seu

120 713 142 747 5
191 697 422 747 minimi
437 694 652 746 circelli
665 694 728 746 fit
742 694 828 746 M.
838 694 903 748 33
915 693 1011 746 vel
1024 694 1100 746 ad
1113 694 1410 746 summum
1423 695 1473 755 4,
1490 695 1703 760 quibus
1718 695 2182 763 ριόίὶειφαιρεσες
2195 711 2391 748 emen-

192 766 406 818 dandae
426 764 571 826 sunt,
596 768 677 818 ita
695 772 755 817 vt
775 768 928 817 circa
947 765 1323 818 medietatem
1343 769 1494 818 inter
1512 769 1838 818 maximam
1858 767 2319 834 ρτοίὶειφαιρεσιν
2340 774 2394 818 et

193 838 521 902 Perigaeum
545 843 710 889 tanto
735 839 997 888 minores
1023 836 1294 897 evadant,
1325 838 1486 902 quod
1511 837 1576 890 fit
1601 840 1664 889 in
1691 844 1846 890 certa
1872 840 2100 890 ratione
2123 838 2395 903 inquisita

192 910 439 960 minoris
459 908 700 974 epicycli
720 908 796 960 ad
815 910 933 974 maj
941 923 1122 969 orem,
1143 910 1225 960 ita
1243 915 1303 960 vt
1323 924 1447 961 non
1466 908 1530 961 fit
1549 909 1582 960 3
1602 908 1779 973 plane
1798 924 1951 974 pars,

761 1133 831 1185 56

761 1203 831 1255 22

761 1298 830 1350 34

761 1370 830 1422 45

762 1465 832 1517 49

762 1560 832 1611 34

763 1631 832 1684 47

762 1726 832 1777 22

786 1798 832 1848 ll

762 1892 831 1944 33

762 1963 832 2016 36

797 2058 831 2110 2

513 1726 547 1777 N
511 1298 546 1611 NssOON
512 1132 546 1184 N

619 1298 690 1849 oemmomfflo
654 1133 689 1184 0

619 1797 689 2014 νβνβω

921 1050 1103 1102 Anno
1124 1050 1253 1103 1596
1273 1051 1366 1103 die
1386 1051 1443 1102 14
1463 1050 1671 1103 Febru.

904 1133 974 1184 56
1096 1133 1341 1199 Apog.4
1448 1135 1483 1258 ὲ
1556 1135 1626 1257 313
1699 1135 1756 1187 51

904 1298 975 1351 56
1307 1300 1340 1352 3
1414 1301 1484 1353 57
1557 1301 1626 1354 45
1700 1303 1757 1354 51

904 1370 962 1422 51
1450 1372 1484 1424 9
1593 1373 1627 1424 7

940 1467 974 1518 5
1308 1444 1341 1495 5
1415 1443 1485 1496 56
1557 1444 1628 1495 20

904 1561 974 1613 56
1307 1539 1341 1591 5
1415 1538 1484 1591 47
1569 1539 1626 1590 13

918 1632 974 1684 13

941 1727 975 1778 9

904 1797 975 1849 42

916 1894 974 1945 51

940 1964 975 2016 O

940 2059 975 2111 Ο

549 2129 879 2182 differentia
897 2130 932 2182 2
952 2130 1169 2183 Minut.

648 2201 862 2265 quibus
883 2201 1090 2254 deficit.

633 2395 689 2448 13
763 2397 833 2449 36

762 2468 831 2519 22

632 2563 688 2614 13
774 2563 830 2614 14

620 2634 689 2686 57
762 2634 832 2686 46

632 2730 689 2781 15
762 2729 833 2782 28

632 2824 688 2876 13
775 2824 832 2875 14

655 2895 689 2947 6
774 2895 831 2947 13

631 2991 689 3042 19
761 2991 831 3043 27

619 3061 689 3114 28
775 3062 832 3114 12

632 3158 689 3209 17
762 3156 833 3208 40

631 3227 686 3280 17
760 3228 818 3279 41

513 2990 547 3041 N
513 2562 547 2875 NsswN
513 2396 547 2447 N

917 2398 975 2450 51
1117 2327 1299 2379 Anno
1326 2328 1471 2380 1597.

941 2468 975 2520 0

904 2564 975 2686 353
1083 2635 1272 2700 Apog.
1295 2651 1440 2687 corr.

917 2730 975 2782 21
1225 2791 1229 2796 ⁴
1404 2731 1438 2782 9
1512 2731 1581 2783 48

917 2826 974 2877 51
1262 2802 1296 2853 6
1369 2802 1439 2853 22
1511 2802 1582 2855 52

940 2896 974 2947 4
1261 2896 1579 2948 6134

904 2992 973 3043 55

906 3062 974 3114 33

906 3157 975 3209 28

939 3229 973 3280 5
994 3226 1179 3279 differ.

904 3323 974 3375 37
994 3321 1203 3375 deficit.
1226 3317 1247 3390 ΙΙ

2336 3395 2396 3447 Si
