2638 3952
37 432 143 475 D2r

67 1205 110 1240 10

66 1591 109 1626 15

60 2362 107 2398 25

60 3131 106 3167 35

370 291 982 345 ASTRONOMIAE
1008 290 1574 345 INSTAURATAE
1601 291 2151 344 MECHANICA
2294 291 2362 344 73

692 436 1237 498 EXPLICATIO
1268 436 1692 497 FABRICAE
1720 436 1834 497 ET

1139 537 1377 598 VSVS.

436 702 437 705 ,
512 710 518 711 7
636 661 797 706 ΕΝΙΟ
824 673 964 705 nunc
992 662 1062 705 ad
1088 662 1335 705 sextantis
1357 660 1707 705 Astronomici
1734 660 2156 715 explicationem,
2186 664 2363 715 quate-

383 752 389 768 ·
444 727 447 730 ’
468 747 500 798 ςζ
536 708 586 820 *4
635 751 735 782 nus
754 739 798 782 is
816 738 1296 793 intercapedinibus
1315 738 1559 782 Siderum
1580 737 1786 781 coelitus
1807 737 2100 782 scrutandis
2123 738 2362 792 apprime

382 801 403 815 ”
505 809 589 854 f<
636 816 858 860 idoneus
884 815 970 859 est.
999 815 1133 858 Cum
1158 815 1300 859 enirn
1321 815 1544 858 Radium
1563 815 1992 858 Astronomicum
2018 814 2140 858 huic
2165 814 2360 866 officio,

370 877 377 893 '
551 890 584 951 ᾖ*
636 894 701 935 ea
716 894 820 947 qua
835 904 934 947 par
946 892 1033 944 est,
1048 893 1357 947 praecifione
1371 891 1412 934 ἃ
1426 891 1737 935 certitudine
1750 903 2091 946 nequaquam
2107 891 2361 942 sufficere,

456 960 459 997 ἶ
491 951 546 1008 ἢ
573 957 588 1025 “,
637 969 804 1012 multa
830 969 1062 1024 plurium
1088 980 1354 1013 annorum
1379 969 1701 1024 experientia
1725 972 2063 1023 compertum
2089 967 2361 1019 haberem,

637 1045 935 1089 necessitate
959 1050 1178 1101 urgente
1197 1045 1495 1102 excogitavi
1514 1045 1776 1090 sextantes
1797 1045 2071 1100 quosdam,
2093 1044 2242 1088 varia
2263 1044 2364 1088 for-

158 1122 263 1173 ma,
295 1121 384 1175 qui
411 1121 463 1164 id
493 1121 626 1165 citra
655 1133 875 1166 omnem
902 1123 1372 1167 hallucinationem
1402 1121 1587 1166 exacte
1615 1122 1939 1178 praestarent‚
1969 1122 2105 1165 inter
2130 1133 2263 1176 quos
2291 1121 2361 1173 hi,

158 1209 297 1250 eam,
325 1210 489 1253 quam
515 1199 703 1252 cernis,
732 1200 1170 1255 compositionem
1195 1200 1499 1253 referentes,
1528 1199 1658 1243 mihi
1684 1199 2090 1243 commodissimi
2115 1198 2206 1242 vili
2233 1198 2361 1242 funt.

158 1275 390 1330 Ideoque
408 1278 517 1319 tres
537 1276 872 1332 ejuscemodi,
899 1278 1140 1332 pauculis
1161 1277 1491 1332 quibusdam,
1520 1277 1699 1332 quoad
1719 1276 2152 1332 contignationes,
2182 1276 2362 1319 saltem

157 1352 536 1405 differentibuS,
564 1353 785 1398 confieri
809 1353 926 1398 feci.
955 1355 1075 1411 Ejus
1102 1358 1283 1398 autem
1309 1354 1591 1410 explicatio
1616 1355 1670 1397 in
1694 1354 1836 1398 hunc
1864 1354 2088 1398 modurn
2110 1353 2159 1396 l'e
2178 1353 2361 1396 habet:

158 1430 454 1486 Compages
479 1430 617 1474 intra
635 1430 775 1474 ΑΒΕ
800 1432 1185 1487 comprehensa
1210 1432 1379 1487 ipsum
1406 1432 1697 1475 sextantem
1718 1442 1843 1475 cum
1863 1431 1953 1474 sua
1975 1430 2363 1486 contignatione

156 1507 341 1551 refert:
370 1507 520 1563 cujus
539 1511 782 1552 centrum
803 1509 872 1552 ad
891 1510 952 1562 A,
980 1509 1287 1564 Cylindrum
1309 1509 1472 1552 habet
1491 1509 1794 1552 rotundum.
1824 1507 2258 1552 Circumferentia
2279 1507 2363 1550 CB

159 1584 361 1628 sextam
387 1584 570 1629 circuli
594 1590 805 1641 partem
825 1586 1116 1639 continens,
1143 1586 1395 1631 lateribus
1413 1586 1499 1629 AC
1521 1589 1679 1641 atque
1697 1586 1790 1628 AB
1810 1588 2038 1640 quatuor
2061 1584 2361 1629 cubitorum

156 1674 189 1705 a
210 1661 402 1706 Centro
422 1666 748 1707 removetur:
771 1663 894 1707 huic
915 1663 1036 1708 inde
1056 1664 1124 1708 ab
1144 1664 1253 1719 ipso
1270 1664 1460 1708 Centro
1483 1664 1779 1719 applicatur
1798 1663 1990 1718 Regula
2003 1662 2103 1705 AD
2126 1673 2251 1706 cum
2272 1662 2362 1705 suo

155 1739 457 1794 pinnacidio
466 1739 618 1795 juxta
632 1740 696 1792 D,
718 1740 862 1795 quod
878 1741 1099 1784 rimulas
1112 1741 1275 1784 habet
1290 1740 1538 1795 Cylindro
1554 1741 1696 1795 apud
1710 1741 1755 1783 Α
1770 1739 2052 1795 quiescenti
2065 1739 2359 1794 parallelas.

155 1815 425 1871 Potestque
450 1817 503 1859 in
530 1817 957 1861 circumferentia
984 1818 1106 1862 hinc
1132 1818 1254 1862 inde
1280 1818 1463 1862 duci&
1482 1817 1703 1869 firmari,
1730 1820 1888 1872 prout
1913 1816 2153 1860 lubuerit.
2187 1815 2363 1859 Habet

155 1893 196 1936 ἃ
215 1893 378 1936 alium
393 1893 702 1949 Cylindrum
715 1894 867 1950 juxta
882 1894 918 1937 F
931 1895 1300 1949 quiescentem,
1322 1894 1485 1950 priori
1504 1894 1791 1949 aequalem:
1814 1894 1908 1937 Cui
1922 1893 2206 1938 destinatur
2220 1893 2362 1936 aliud

157 1970 518 2026 pinnacidium
541 1971 693 2026 Juxta
723 1971 768 2014 G
798 1971 1039 2015 additum
1067 1973 1151 2015 vel
1180 1975 1464 2024 remotum,
1495 1975 1653 2026 prout
1679 1971 1801 2014 usus
1830 1970 2114 2026 postularit.
2149 1970 2362 2024 Reliqua

155 2047 468 2091 intermedia
499 2047 835 2092 firmitudinis
866 2049 1032 2104 gratia
1065 2049 1369 2104 contignata
1400 2049 1534 2092 sunt:
1568 2052 1726 2104 prout
1755 2048 1840 2092 hic
1871 2051 2107 2103 apparet.
2142 2048 2294 2090 quta
2324 2047 2361 2089 E

154 2135 284 2168 vero
309 2125 491 2168 transit
514 2124 760 2169 foramen
786 2125 1218 2180 quadrilaterum,
1251 2126 1394 2181 quod
1423 2126 1567 2181 quali
1596 2126 1649 2169 in
1674 2125 1967 2180 aequilibrio
1992 2125 2152 2168 totius
2180 2123 2362 2167 Instru-

156 2201 320 2246 menti
348 2200 550 2246 factum
579 2202 666 2255 est,
695 2205 754 2246 ut
781 2202 893 2259 ejus
922 2203 1182 2248 beneficio
1211 2203 1383 2247 fulcro
1409 2202 1643 2247 inferiori
1668 2202 1870 2258 imponi
1894 2201 2043 2257 possit
2068 2202 2291 2253 sextans,
2320 2201 2361 2244 81

154 2277 369 2334 peracta
402 2279 768 2323 observatione
800 2281 1081 2325 removeri.
1123 2280 1344 2325 Limbus
1375 2280 1487 2336 ejus
1513 2280 1665 2336 juxta
1698 2278 2199 2330 circumferentiam,
2240 2289 2361 2333 quae

156 2355 445 2400 Divifiones
470 2356 634 2400 habet
657 2357 1045 2410 transversales,
1073 2358 1115 2401 ἃ
1141 2358 1337 2414 lingula
1363 2358 1567 2401 minuta
1587 2356 1970 2412 quadrifariam
1994 2355 2248 2411 dispertiri
2271 2366 2362 2411 po·

153 2432 263 2484 test,
294 2433 632 2490 undiquaque
662 2433 1027 2479 Orichalcicus
1055 2434 1146 2479 est:
1182 2435 1641 2490 quemadmodum
1668 2434 1709 2477 ἃ
1735 2433 1966 2489 Cylindri
1996 2437 2154 2488 atque
2183 2432 2362 2488 pinna-

154 2509 308 2553 cidia.
338 2510 554 2566 Reliqua
573 2510 743 2567 lignea
764 2511 979 2566 quidem
999 2511 1240 2556 existunt:
1270 2511 1448 2556 sedita
1470 2511 1677 2555 affabre
1697 2522 1762 2555 ex
1782 2511 1942 2567 varijs
1962 2510 2200 2566 partibus
2220 2520 2363 2553 com-

153 2587 319 2641 polita
347 2588 388 2630 ἃ
415 2588 790 2643 conglutinata,
822 2592 980 2643 prout
1002 2589 1116 2644 jam
1143 2592 1301 2633 antea
1325 2589 1379 2632 in
1404 2589 1749 2632 Armillarum
1775 2587 2126 2643 explicatione
2152 2598 2184 2630 a
2209 2586 2362 2630 nobis

152 2663 446 2708 indicatum
476 2664 568 2717 est;
598 2669 656 2708 ut
684 2665 967 2718 incurvari,
999 2669 1090 2710 aut
1112 2666 1263 2722 J'uxta
1294 2666 1430 2710 aeris
1458 2665 1809 2709 mutationem
1837 2664 2050 2708 alterari
2075 2667 2359 2719 nequeant:

154 2740 520 2795 superinducto
553 2741 716 2786 etiam
746 2742 961 2786 linteolo
994 2743 1174 2787 colore
1207 2743 1524 2787 oleavinoso.
1563 2743 1615 2786 Si
1646 2742 1789 2786 enim
1821 2753 2007 2785 omnes
2040 2741 2151 2797 ejus
2183 2743 2361 2795 partes

152 2817 416 2862 laminulis
438 2818 715 2863 Metallicis
742 2819 1128 2875 obtegerentur‚
1156 2821 1320 2864 nimio
1346 2820 1581 2875 pondere
1607 2818 1937 2863 intractabile
1956 2819 2265 2862 redderetur
2284 2817 2361 2860 In-

154 2894 516 2938 strumentum.
539 2895 677 2947 Quin
690 2896 731 2938 81
747 2896 837 2939 sua
858 2896 1142 2951 gravedine
1162 2897 1254 2941 fibi
1271 2897 1363 2952 ipli
1382 2897 1435 2940 in
1455 2897 1632 2941 debito
1652 2897 1812 2952 plano
1834 2895 2106 2939 retinendo
2127 2897 2358 2938 noceret.

151 2971 413 3016 Pedestale
445 2973 549 3015 live
579 2972 827 3024 fulcrum,
862 2973 948 3016 cui
978 2974 1227 3026 innititur,
1262 2975 1330 3017 lic
1363 2974 1545 3017 habet:
1581 2974 1734 3017 quta
1761 2973 1782 3015 1
1813 2973 1884 3016 est
1911 2972 2111 3016 Globus
2141 2971 2359 3026 quidam

152 3048 492 3103 undiquaque
522 3049 787 3092 laminulis
819 3051 1027 3105 cupreis
1058 3050 1386 3103 incrustatus‚
1420 3051 1462 3093 ἃ
1494 3050 1734 3106 apprime
1766 3050 2039 3101 rotundus,
2073 3048 2276 3091 habens
2307 3047 2360 3090 in

155 3124 417 3170 diametro
443 3127 604 3181 paulo
631 3127 748 3181 plus
774 3127 984 3171 duobus
1009 3127 1246 3182 pedibus.
1276 3128 1428 3171 Circa
1453 3127 1622 3182 ipsum
1649 3127 1763 3170 sunt
1788 3129 2016 3181 quatuor
2035 3125 2359 3168 ferramenta

155 3201 580 3254 semicircularia‚
608 3203 895 3246 rotundam
923 3204 1195 3258 quandam
1215 3204 1493 3247 Armillam
1519 3203 1750 3247 ferream
1777 3203 1921 3247 circa
1947 3202 2184 3246 medium
2206 3201 2359 3245 Globi

154 3277 461 3322 decussatim
482 3277 602 3323 o<sto
622 3279 675 3322 in
695 3279 825 3324 locis
847 3281 1367 3335 comprehendentia.
1390 3280 1524 3333 Quae
1545 3280 1726 3324 omnia
1745 3282 1954 3323 tantum
1969 3291 2001 3322 a
2016 3279 2170 3322 Globi
2191 3278 2359 3333 ruper-

153 3354 274 3398 ficie
294 3355 482 3399 distant
499 3356 731 3408 interius,
755 3361 953 3411 quanta
973 3357 1044 3400 est
1064 3357 1311 3403 crassities
1325 3357 1478 3400 unius
1493 3357 1651 3411 digiti,
1673 3357 1714 3398 ἃ
1733 3357 1892 3411 paulo
1913 3357 2044 3410 plus.
2068 3355 2196 3398 Sunt
2217 3355 2357 3399 enim

299 3433 341 3468 10
2295 3436 2357 3484 in
