2638 3952
258 298 327 349 42
463 295 1074 349 ASTRONOMIAE
1102 295 1667 349 INSTAURATAE
1694 295 2244 349 MECHANICA

255 437 470 479 innuere
491 437 617 487 vult,
642 436 690 478 se
710 447 805 490 per
819 436 1395 479 commensurationem
1411 437 1451 479 8ι
1464 435 1697 480 fabricas
1712 435 2096 487 maechanicas;
2118 440 2232 479 tum
2247 447 2457 491 quoque

254 513 656 567 Triangulorum
677 512 939 556 eruditam
960 512 1231 556 scientiam
1251 513 1603 557 Astronomiae
1626 512 1888 556 inservire.
1919 512 2052 556 Haec
2075 513 2259 556 oculos
2278 512 2331 555 in
2350 514 2459 555 vul-

255 593 370 633 tum
389 589 603 632 Vraniae
631 589 814 644 dirigit,
843 600 1071 644 eamque
1097 590 1476 634 venerabunda
1504 589 1721 644 suspicit.
1752 589 1908 633 Color
1933 589 2087 633 vestis
2113 590 2224 645 ejus
2250 589 2321 633 est
2348 589 2458 633 sub-

255 667 445 719 fuscus,
478 666 632 710 viridi
663 666 994 710 intertextus:
1030 667 1172 721 quod
1206 679 1238 709 a
1268 666 1595 710 terrestribus
1628 663 2118 710 denominationem
2149 666 2361 711 habeat.
2399 666 2459 710 In

256 744 429 799 capite
455 744 650 787 sertum
677 743 807 798 gerit
831 744 1090 795 laureum,
1121 755 1226 797 quo
1254 743 1488 796 ostendit,
1519 744 1568 787 se
1594 744 1801 799 semper
1825 743 2035 796 durare,
2063 743 2105 786 ἃ
2130 743 2365 787 veritatis
2387 742 2459 786 in·

254 824 532 865 temeratae
558 832 818 875 capacem
843 820 957 863 esse.
986 820 1065 863 Ab
1094 821 1260 864 altera
1286 824 1452 875 parte,
1481 822 1698 864 dextera
1725 820 1975 864 nimirum
2002 820 2270 864 subsistens
2292 820 2456 876 virgo,

255 898 661 942 Arithmeticam
690 897 871 949 refert;
903 909 1024 951 quae
1054 897 1216 940 etiam
1242 898 1634 942 Astronomiam
1664 897 1957 952 suspiciens,
1988 897 2234 950 honorat,
2266 897 2460 941 eidem-

257 988 358 1031 que
378 975 602 1019 inservit.
632 974 809 1018 Habet
827 974 947 1018 haec
968 974 1020 1016 in
1041 975 1207 1018 altera
1228 987 1392 1018 manu
1413 978 1633 1027 cretam,
1657 976 1823 1018 altera
1842 975 2116 1026 tabellam;
2146 974 2456 1030 significans,

257 1054 305 1096 se
325 1063 579 1096 numeros
599 1051 918 1106 exprimere;
941 1051 1130 1106 quibus
1147 1052 1499 1106 Astronomia‚
1520 1055 1578 1095 ut
1599 1052 1882 1107 cognitioni
1901 1055 2097 1107 pateat,
2121 1063 2254 1107 opus
2273 1051 2456 1095 habet:

256 1141 424 1184 eaque
450 1129 502 1172 in
528 1128 847 1183 quantitates
874 1128 1124 1172 discretas
1149 1129 1428 1182 resolvere,
1458 1142 1579 1184 quae
1602 1129 1746 1184 prior
1767 1129 2071 1173 Geometria
2092 1128 2353 1172 continuis
2373 1139 2459 1172 ex-

255 1207 516 1263 pediebat.
546 1206 722 1250 Habet
747 1206 789 1249 81
814 1206 934 1249 haec
956 1206 1189 1260 superius
1214 1206 1267 1249 in
1294 1206 1467 1262 capite
1488 1207 1681 1250 sertum
1704 1207 1968 1258 laureum;
1998 1218 2124 1250 cum
2149 1218 2257 1250 non
2283 1205 2458 1249 minus

256 1296 420 1340 quam
447 1283 750 1328 Geometria
779 1286 1034 1338 perpetua
1065 1284 1105 1326 ἃ
1134 1294 1301 1326 verax
1330 1284 1402 1327 fit.
1434 1283 1591 1327 Color
1618 1283 1771 1327 vestis
1801 1283 1872 1327 est
1901 1283 2068 1336 albus,
2099 1283 2346 1338 papirum
2373 1284 2458 1326 vel

255 1362 600 1405 membranas
613 1360 869 1412 referens;
891 1360 1150 1404 hincinde
1163 1361 1324 1416 varijS
1337 1361 1554 1416 zyphris
1569 1361 1916 1416 consignatus.
1939 1361 2111 1415 Atque
2125 1360 2244 1404 haec
2260 1360 2457 1413 omnia,

254 1442 311 1482 ut
337 1439 377 1481 81
404 1441 684 1483 ornaretur
703 1437 1126 1490 Instrumentum,
1154 1438 1408 1493 fimulque
1434 1438 1770 1490 indicaretur,
1798 1438 2191 1482 Astronomiam
2218 1437 2459 1482 omnium

254 1516 549 1560 liberalium
569 1515 776 1558 Artium
803 1515 1106 1570 supremam
1133 1515 1173 1558 81
1201 1516 1344 1570 quasi
1372 1515 1636 1571 Reginam,
1664 1515 1822 1559 hasce
1849 1516 1998 1568 duas,
2028 1514 2390 1559 Geometriam
2416 1514 2457 1558 ἃ

254 1592 659 1637 Arithmeticam
687 1595 947 1646 tanquam
976 1592 1251 1645 ministras,
1283 1604 1396 1648 prae
1426 1592 1650 1645 caeteris,
1682 1592 1929 1637 omnibus
1959 1592 2100 1650 (licet
2125 1593 2166 1635 81
2192 1592 2323 1636 alias
2352 1603 2460 1636 non

255 1670 496 1726 negligat)
528 1670 619 1713 fibi
652 1669 930 1713 adscivisse.
965 1669 1108 1712 Infra
1140 1669 1281 1713 hunc
1312 1669 1714 1714 semicirculum
1743 1670 1815 1714 est
1844 1669 2083 1714 Horizon
2110 1668 2460 1714 Azimuthalis

255 1747 480 1790 EFIGH
503 1749 732 1801 quatuor
751 1746 958 1790 cubitos
977 1746 1030 1789 in
1051 1746 1353 1791 dimetiente
1379 1747 1600 1799 habens,
1628 1758 1762 1802 eque
1783 1747 1946 1792 solido
1968 1747 2196 1802 chalybe
2217 1746 2460 1791 constans

255 1825 296 1866 δι
311 1823 544 1879 superius
557 1823 611 1867 in
626 1824 744 1867 suos
757 1823 981 1875 Gradus,
1001 1824 1401 1879 eorundemque
1415 1824 1778 1880 portiunculas
1793 1827 1914 1879 apte
1929 1824 2242 1868 distributus.
2266 1823 2461 1867 Habet-

256 1913 358 1956 que
376 1901 430 1944 in
449 1901 626 1945 medio
648 1902 754 1944 duo
774 1900 934 1944 fortia
947 1900 1289 1953 ferramenta,
1312 1901 1618 1945 decussatim
1632 1902 1736 1945 sese
1749 1902 1802 1944 in
1817 1905 2000 1946 centro
2016 1902 2062 1945 D
2077 1900 2458 1953 intersecantia‚

255 1979 398 2022 circa
432 1979 575 2033 quod
608 1978 768 2021 etiam
800 1981 973 2022 totum
1003 1978 1411 2022 Instrumentum
1440 1979 1883 2034 circumgyratur:
1920 1979 2166 2034 appositis
2195 1979 2262 2022 ab
2294 1979 2460 2022 altera

253 2059 404 2111 parte
434 2055 789 2099 sustentaculis
818 2055 1017 2108 ferreis,
1050 2067 1171 2110 quae
1200 2055 1326 2099 illud
1354 2059 1610 2111 perpetuo
1639 2056 1917 2100 Horizonti
1945 2057 2015 2100 ad
2044 2057 2264 2112 angulos
2288 2053 2461 2099 recstos

255 2133 573 2177 contineant.
595 2132 738 2175 Infra
754 2132 1104 2176 Horizontem
1118 2132 1352 2176 ferreum
1368 2133 1482 2176 sunt
1497 2133 1726 2188 quinque
1741 2135 2024 2186 columnae,
2042 2145 2270 2189 quarum
2284 2132 2461 2176 media

254 2222 349 2265 per
369 2210 413 2262 Q
434 2210 665 2254 indicata
685 2210 738 2252 in
758 2209 1048 2254 meditullio
1069 2210 1206 2253 infra
1228 2213 1471 2254 centrum
1493 2211 1730 2264 consistit,
1758 2211 1976 2267 reliquae
2001 2214 2230 2266 quatuor
2248 2209 2408 2253 literis
2427 2210 2461 2252 P

254 2290 454 2331 notatae
476 2286 962 2331 circumferentiam
983 2287 1259 2342 aequaliter
1278 2288 1319 2331 ἃ
1341 2288 1723 2342 quadrifariam
1738 2288 1982 2333 distantes
1997 2291 2224 2344 portant.
2248 2287 2462 2331 Habent

255 2364 462 2419 insuper
482 2375 668 2408 omnes
691 2364 921 2419 quinque
942 2365 1175 2420 superius
1197 2365 1452 2420 quasdam
1467 2365 1761 2420 peculiares
1776 2366 2041 2418 cochleas,
2063 2376 2321 2421 perennes
2335 2377 2462 2407 nun-

255 2444 494 2496 cupatas,
523 2441 789 2496 literisque
811 2442 847 2484 R
868 2442 1107 2496 signatas.
1137 2442 1293 2494 Quod
1320 2442 1482 2485 etiam
1505 2443 1558 2485 in
1581 2442 1790 2486 oaeteris
1810 2442 2316 2498 subintelligendum:
2340 2453 2461 2496 quae

257 2529 351 2572 per
377 2530 544 2572 parva
571 2518 852 2561 manubria
873 2518 952 2561 ST
978 2518 1100 2562 hinc
1126 2519 1248 2562 inde
1270 2518 1632 2563 circumducta
1659 2519 1859 2563 sursum
1879 2520 1963 2563 vel
1984 2519 2229 2563 deorsum
2247 2519 2462 2562 trudun-

255 2598 355 2646 tur,
387 2595 557 2638 donec
589 2594 815 2638 circulus
841 2596 1190 2639 Azimuthalis
1218 2596 1279 2652 ijs
1307 2596 1532 2639 innitens
1561 2596 1865 2641 Horizontis
1894 2596 2247 2651 aequilibrium
2277 2594 2461 2639 exacte

255 2671 508 2723 imitetur;
537 2672 577 2714 81
605 2672 962 2716 semicirculus
990 2673 1281 2728 superstans
1308 2674 1526 2728 planum
1548 2673 1767 2730 alicujus
1787 2673 2066 2717 verticalis.
2095 2673 2299 2718 Possunt
2319 2672 2459 2716 enim

255 2749 343 2792 hae
370 2748 608 2792 cochleae
635 2749 989 2804 gravissimum
1015 2751 1224 2805 pondus
1250 2750 1471 2794 minimo
1498 2751 1708 2806 negotio
1736 2751 1977 2795 attollere
1996 2752 2080 2795 vel
2107 2750 2268 2794 etiam
2295 2749 2461 2805 depri-

256 2837 419 2878 mere,
440 2825 832 2881 plurimamque
853 2827 984 2871 alias
1003 2827 1203 2871 habent
1221 2827 1273 2870 in
1295 2827 1640 2871 Maechanicis
1660 2828 2116 2872 commoditatem.

329 2902 502 2946 USUS
532 2902 863 2947 Instrumenti
892 2915 958 2947 ex
986 2904 1100 2959 ipsa
1130 2904 1334 2948 fabrica
1364 2904 1483 2947 satis
1512 2907 1678 2959 patet:
1708 2904 1884 2959 estque
1911 2905 2054 2948 idem
2081 2917 2204 2949 cum
2230 2904 2307 2960 ijs,
2339 2915 2459 2958 quae

258 2979 387 3022 alias
417 2991 512 3034 per
538 2979 823 3023 Azimutha
853 2981 893 3023 8:
922 2981 1234 3025 Altitudines
1263 2981 1595 3036 colliguntur:
1627 2981 1717 3025 nisi
1748 2982 1892 3036 quod
1920 2982 2005 3026 hic
2035 2981 2088 3024 in
2116 2981 2458 3025 Semicirculo

256 3056 398 3099 idem
425 3055 652 3100 efficitur
671 3057 712 3099 δι
732 3061 1057 3111 numeratur,
1087 3058 1231 3113 quod
1255 3057 1400 3102 isthic
1426 3057 1479 3101 in
1500 3058 1894 3110 Quadrantibus
1918 3061 2009 3102 aut
2029 3058 2231 3114 Regulis
2250 3058 2459 3101 Azimu-

256 3132 501 3185 thalibus‚
532 3134 598 3177 de
627 3134 816 3188 quibus
844 3134 1023 3189 postea
1053 3146 1285 3190 agemus.
1318 3134 1570 3179 Indicabo
1597 3146 1726 3179 vero
1754 3136 1795 3178 ἃ
1819 3135 1941 3188 hoc,
1974 3136 2118 3190 quod
2147 3146 2272 3179 cum
2301 3137 2458 3178 antea

258 3209 538 3260 Quadrans
558 3210 647 3254 iste
668 3210 960 3266 chalybeus
981 3211 1254 3264 Quadrato
1281 3212 1506 3255 inclusus
1532 3212 1617 3269 (de
1638 3224 1743 3267 quo
1763 3212 1816 3255 in
1834 3212 2077 3268 proxime
2101 3211 2458 3256 antecedentis

257 3286 441 3340 figurae
474 3287 824 3341 explicatione
856 3288 1077 3346 egimus)
1109 3288 1176 3332 ab
1208 3289 1371 3341 initio,
1403 3292 1462 3332 ut
1488 3288 1759 3343 Chalybeo
1787 3289 2079 3341 Horizonti,
2112 3288 2359 3333 inferiore
2385 3289 2458 3332 sui

258 3365 407 3416 parte
432 3363 692 3416 insisteret,
721 3368 879 3419 atque
899 3358 951 3407 i1i
971 3376 1035 3409 eo
1058 3365 1558 3409 circumduceretur.
1588 3356 2056 3417 Quemadmodum
2076 3366 2130 3409 in
2150 3367 2252 3408 alia
2271 3365 2455 3421 figura,

2360 3444 2457 3496 hic

2511 1139 2553 1175 10

2511 1525 2553 1560 15

2509 1910 2555 1945 20

2510 2297 2556 2332 25

2507 3065 2554 3101 35
