2638 3952
222 271 255 321 6
435 268 1045 321 ASTRONOMIAE
1072 265 1640 319 INSTAURATAE
1666 265 2216 318 MECHANICA

222 411 376 462 Inter
398 425 532 474 quae
553 410 682 461 haec
702 412 813 461 tria
833 412 1134 474 praecipua
1157 411 1419 461 invenio:
1448 407 1699 473 Regulas
1719 407 2115 467 Parallaticas,
2143 407 2425 459 Armillas

223 481 566 533 Zodiacales
587 487 764 545 atque
784 480 1166 545 Torquetum,
1189 479 1348 544 quod
1365 479 1662 531 Arabibus
1684 478 1792 542 (uti
1807 478 1859 530 8(
1872 478 2203 530 Astrolabia
2220 478 2423 543 plana)

221 555 415 617 potius
440 554 503 603 in
529 552 636 603 usu
663 558 806 603 erat:
835 558 1047 603 caetera
1072 554 1319 603 minoris
1345 550 1475 602 sunt
1500 552 1802 601 momenti.
1831 549 2029 601 Multa
2054 555 2256 601 tamen
2277 548 2424 601 forte

222 623 342 675 alia
360 623 540 682 fuere,
569 638 704 687 quae
731 623 910 674 literis
930 638 1054 674 non
1073 622 1320 686 prodita,
1348 622 1424 673 ad
1447 637 1557 673 nos
1578 620 1741 672 haud
1761 626 2178 685 pervenerunt;
2207 636 2342 684 quae
2363 623 2426 672 in

220 696 384 746 tanta
415 700 654 758 tamque
687 695 889 746 crebra
921 694 1254 745 Mundanae
1286 692 1473 745 scenae
1507 691 1845 744 confufione
1880 691 1932 743 8(
1962 694 2307 752 mutatione,
2343 697 2427 743 tot

221 765 388 817 bellis
416 765 468 817 8(
494 764 984 817 devastationibus
1013 764 1256 816 subinde
1285 764 1674 828 irrepentibus
1702 762 1873 815 facile
1905 762 2088 826 (quod
2117 762 2426 827 deploran-

223 837 366 888 dum
393 835 489 899 est)
516 838 752 887 interire
778 842 1063 900 poterant.
1092 836 1464 887 Recentiores
1492 835 1918 898 Quadrantem,
1946 834 2200 886 Radium
2227 833 2279 885 8(
2303 834 2426 885 An-

221 907 433 959 nulum
452 907 926 959 Astronomicum
947 907 1241 967 addidere,
1261 912 1388 958 tum
1409 921 1647 970 quoque
1669 905 1946 970 quaedam
1965 907 2213 956 minoris
2233 903 2429 957 adhuc

223 978 635 1030 aestimationis,
659 978 746 1029 Ex
767 994 886 1042 quo
907 984 1107 1029 autem
1125 977 1397 1030 Siderum
1416 984 1612 1029 motus
1633 983 1903 1028 accurate
1924 976 2117 1028 nostro
2138 991 2270 1027 aevo
2292 991 2428 1027 con-

222 1049 450 1100 fiderati
476 1064 860 1113 nequaquam
880 1052 962 1100 ita
980 1048 1035 1100 se
1058 1047 1390 1109 exhibeant,
1418 1051 1503 1100 uti
1528 1048 1637 1099 fert
1657 1047 1919 1100 calculus
1940 1063 2012 1099 ex
2032 1047 2294 1099 ullorum
2313 1046 2427 1098 five

221 1127 504 1180 veterum,
543 1120 657 1171 five
696 1123 1020 1172 recentium
1052 1119 1365 1171 Artificum
1399 1118 1919 1172 observationibus
1952 1119 2265 1178 derivatuS,
2304 1133 2430 1169 non

2482 1063 2525 1098 10

221 1194 515 1242 immerito
535 1191 920 1255 suspicionem
939 1198 1153 1251 movet,
1178 1186 1424 1259 me-ssdia
1445 1190 1497 1242 8(
1518 1190 1904 1242 Instrumenta
1925 1189 2138 1254 quibus
2158 1191 2309 1240 inter
2329 1189 2428 1241 ob·
2442 1197 2572 1256 )::(2v

222 1262 575 1314 servandum
601 1262 684 1314 ufi
709 1262 854 1322 sunt,
882 1261 1045 1314 haud
1071 1262 1457 1326 undiquaque
1485 1264 1651 1313 omni
1675 1263 1819 1313 vitio
1847 1262 2097 1313 caruisse.
2130 1259 2308 1324 Quod
2333 1259 2429 1312 vel

222 1333 344 1397 ipsa
369 1331 686 1385 affixarum
713 1333 1027 1386 Stellarum
1055 1333 1188 1385 loca
1216 1333 1384 1385 aliter
1413 1333 1488 1385 ad
1517 1335 1773 1384 invicem
1802 1331 2083 1396 dispofita,
2114 1346 2296 1396 quam
2321 1331 2430 1383 fert

223 1403 675 1468 Hipparchiana
696 1420 733 1456 a
752 1405 1072 1456 Ptolemaeo
1099 1403 1394 1463 recensita,
1423 1403 1475 1455 8(
1500 1404 1638 1455 inde
1665 1404 1740 1455 ad
1766 1419 1876 1455 nos
1902 1409 2227 1468 propagata
2249 1403 2428 1454 deno-

222 1478 381 1536 tati0,
410 1475 630 1527 etiamfi
657 1482 870 1527 caetera
894 1481 1335 1540 praetereantur,
1362 1475 1494 1526 satis
1522 1477 1836 1526 convincit:
1865 1474 2016 1526 adeo
2042 1480 2106 1526 ut
2128 1489 2205 1525 ne
2225 1476 2430 1526 veteri-

221 1547 331 1598 bus
358 1547 614 1610 quidem,
645 1547 747 1599 ubi
773 1547 1162 1611 Imperatores
1189 1546 1242 1598 &
1268 1546 1452 1611 Reges
1477 1545 1740 1610 sumptus
1769 1545 1984 1597 talibus
2012 1545 2265 1610 Organis
2295 1558 2430 1597 con-

222 1617 486 1669 ficiendis
512 1617 827 1670 liberaliter
851 1618 1308 1682 suppeditarunt,
1337 1633 1456 1682 quo
1478 1632 1509 1668 e
1530 1616 1714 1668 solida
1734 1616 1786 1668 8(
1805 1616 2102 1669 metallica
2119 1615 2431 1682 magnifice

223 1688 545 1740 confierent
569 1691 833 1750 materia,
862 1690 1355 1753 convenientique
1383 1688 1772 1753 amplitudine
1793 1691 1899 1740 rite
1920 1688 1976 1739 se
1996 1687 2303 1740 haberent:
2331 1703 2431 1740 ne-

223 1761 365 1812 dum
399 1775 484 1820 ea,
520 1775 655 1824 quae
684 1760 1051 1824 Copernicus
1080 1760 1363 1824 superiori
1396 1766 1567 1811 aetate
1599 1762 1840 1825 privatis
1874 1759 2146 1824 impenfis
2178 1762 2430 1824 paravit:

222 1847 330 1883 nec
350 1834 614 1883 materiae
634 1831 935 1892 soliditate,
957 1847 1066 1883 nec
1081 1834 1259 1883 etiam
1268 1831 1419 1896 justa
1431 1831 1838 1896 magnitudine
1853 1834 1940 1891 iis,
1962 1831 2176 1895 quibus
2190 1830 2431 1883 destina-

221 1903 451 1962 bantur,
473 1902 685 1963 ufibuS,
705 1902 1068 1963 sufficientia,
1090 1905 1304 1967 partim
1326 1918 1398 1954 ex
1416 1918 1594 1967 opere
1610 1905 1737 1968 ejus
1752 1902 2213 1954 Revolutionum
2226 1901 2431 1967 liquet;

221 1977 435 2038 partim
450 1990 522 2025 ex
536 1977 606 2026 iis
622 1990 757 2039 quae
779 1974 974 2026 adhuc
994 1973 1311 2038 supersunt,
1333 1973 1419 2025 illi
1438 1977 1501 2025 in
1521 1974 1628 2026 usu
1648 1973 1862 2026 habitis
1878 1974 2154 2039 Organis;
2176 1988 2433 2038 quorum

220 2061 427 2106 unum,
440 2045 856 2098 Parallaticum
867 2048 1167 2105 nimirum,
1182 2045 1359 2110 plane
1371 2045 1649 2110 ligneum,
1666 2061 1775 2097 nec
1787 2044 2289 2097 observationibus
2300 2044 2433 2096 satis

221 2123 426 2182 aptum
446 2132 627 2181 penes
647 2132 743 2169 me
765 2117 855 2169 est.
885 2117 1023 2180 Quo
1045 2120 1199 2169 circa
1219 2119 1495 2182 cogitanti
1515 2116 1665 2168 mihi
1686 2116 2011 2169 admodum
2030 2115 2268 2168 sollicite
2295 2115 2433 2168 inde

221 2189 294 2240 ab
315 2188 743 2249 Adolescentia
771 2204 850 2241 an
876 2204 1001 2240 non
1026 2188 1166 2240 huic
1191 2188 1574 2240 incommodo
1600 2188 1895 2240 subveniri
1920 2188 2116 2253 posset;
2142 2190 2310 2240 varia
2337 2187 2432 2240 de-

221 2260 358 2312 inde
378 2259 676 2312 successive
698 2260 949 2312 construi
970 2263 1174 2312 curavi
1194 2259 1581 2312 Instrumenta
1601 2259 2025 2319 Astronomica‚
2055 2258 2356 2324 diligentia
2382 2258 2434 2310 8(

221 2332 526 2396 impendio
552 2331 900 2384 incredibili:
933 2331 1146 2396 quibus
1173 2331 1446 2383 Siderum
1472 2333 1836 2395 apparentiae
1864 2329 2123 2383 exafflus
2150 2345 2333 2395 quam
2359 2329 2433 2382 ab

222 2403 687 2455 Antecessoribus
699 2403 903 2455 nostris
914 2401 1239 2455 factitatum
1251 2402 1342 2463 est,
1356 2402 1519 2466 (abfit
1532 2402 1760 2454 invidia
1774 2400 1950 2466 dicto)
1965 2401 2204 2454 scrutari
2217 2401 2431 2453 liceret.

224 2474 515 2539 Quamvis
535 2490 677 2526 vero
700 2490 786 2535 ea,
809 2490 945 2538 quae
966 2477 1029 2525 in
1049 2473 1440 2526 adolescentia
1461 2473 1838 2534 confecimuS‚
1861 2473 2102 2538 quando
2123 2488 2317 2537 neque
2339 2487 2432 2525 co-

224 2548 406 2611 gnitio
432 2561 626 2609 neque
648 2546 940 2610 jndicium
963 2552 1265 2597 maturum
1284 2545 1418 2597 satis
1440 2551 1578 2606 erat,
1607 2560 1731 2596 non
1751 2545 2076 2597 admodum
2097 2543 2296 2597 exacte
2316 2544 2433 2596 sco-

223 2633 369 2682 pum
388 2620 635 2682 petitum
655 2619 962 2681 attigerint,
982 2625 1183 2669 tamen
1202 2616 1542 2668 succedente
1562 2618 1830 2681 graviore
1851 2622 2022 2668 aetate
2043 2617 2167 2668 una
2183 2631 2320 2668 cum
2338 2631 2434 2667 ex·

224 2690 512 2753 perientia
537 2688 843 2748 crebriore,
874 2688 993 2740 alia
1021 2688 1263 2740 tandem
1289 2690 1521 2752 majora
1547 2687 1600 2739 8(
1627 2687 2044 2740 excellentiora
2072 2687 2353 2739 adinveni
2382 2685 2436 2739 8(

226 2759 448 2812 affabre
470 2759 761 2812 elaborari
782 2762 984 2811 curavi
1000 2760 1257 2824 Organa,
1280 2758 1483 2823 qualia
1501 2758 1649 2810 sorte
1667 2761 1766 2810 vix
1787 2758 1911 2810 ulla
1929 2761 2091 2823 prior
2111 2765 2255 2810 aetas
2274 2758 2434 2819 vidit,

226 2847 362 2895 quae
391 2831 620 2883 summa
651 2831 990 2895 praecisione
1024 2830 1076 2882 8(
1110 2830 1471 2891 certitudine,
1504 2830 1563 2881 id
1591 2830 1750 2894 quod
1776 2830 2113 2891 intenditur,
2145 2829 2432 2894 praestant.

228 2902 541 2955 Construxi
560 2909 761 2954 autem
779 2904 948 2955 varia
968 2902 1020 2953 8(
1039 2901 1403 2966 multiplicia,
1424 2901 1602 2965 idque
1624 2902 1992 2953 evidentibus
2008 2902 2080 2953 de
2095 2901 2295 2953 caufis,
2318 2900 2435 2952 Pri-

226 2990 392 3026 mum
414 2990 533 3038 quo
554 2973 938 3026 diversimode
960 2973 1117 3026 idem
1138 2972 1493 3037 inquirendo
1510 2972 1995 3026 observationem
2010 2974 2204 3024 omnis
2223 2973 2436 3024 erroris

228 3053 527 3109 expertem
557 3046 660 3097 esse
690 3045 1155 3110 comprobarem,
1184 3051 1310 3096 tum
1342 3059 1598 3108 quoque,
1629 3051 1693 3096 ut
1718 3044 1759 3095 fi
1785 3044 2028 3108 aliquod
2058 3059 2267 3095 eorum
2294 3043 2437 3108 quid

227 3117 459 3169 latentis
485 3119 610 3168 vitii
637 3115 1022 3176 contraheret,
1052 3116 1235 3180 (quod
1262 3115 1313 3167 8(
1337 3115 1692 3167 Ptolemaeus
1719 3116 1790 3167 de
1818 3114 2168 3180 quibusdam
2194 3130 2226 3166 e
2252 3114 2436 3167 solido

227 3188 468 3240 metallo
482 3186 826 3248 fabrefactis,
847 3203 983 3252 quae
997 3190 1060 3239 in
1073 3190 1302 3252 porticu
1315 3186 1725 3239 Alexandrino
1740 3186 1884 3238 olim
1898 3186 2136 3247 stabant,
2154 3188 2437 3250 conqueri

227 3259 479 3322 videtur)
501 3259 619 3311 alia
639 3275 781 3310 mox
802 3259 876 3310 ad
897 3274 1112 3310 manus
1133 3259 1319 3319 essent,
1342 3274 1477 3322 quae
1492 3258 1551 3310 id
1566 3261 1935 3323 corrigerent,
1957 3264 2133 3322 atque
2148 3256 2436 3309 certitudi-

2298 3343 2438 3380 nem

2484 1419 2525 1454 15

2481 1776 2528 1812 20

2483 2133 2529 2168 25

2482 2489 2529 2525 30

2484 2846 2530 2881 35

2486 3201 2534 3237 40
