2638 3952
374 248 989 303 ASTRONOMIAE
1015 247 1580 300 INSTAURATAE
1607 249 2155 304 MECHANICA
2285 254 2364 305 141

162 390 235 434 ibi
259 390 511 434 nonnulla
535 400 564 432 e
588 388 954 441 subterraneis,
983 399 1210 443 quaeque
1231 388 1477 443 Cryptica
1504 389 1634 441 sunt,
1662 392 1922 443 quatenus
1947 390 2062 434 fieri
2085 392 2266 446 potest,
2295 396 2367 436 at-

165 485 266 528 que
293 473 346 516 in
371 473 531 528 plano
551 471 678 515 talia
698 471 894 514 imitari
912 474 1181 526 utcunque
1201 472 1526 524 conceditur,
1548 471 1827 516 exhibebo.
1857 473 1998 517 Nam
2018 476 2198 519 omnia
2220 475 2365 520 isthic

165 554 424 608 confecta,
451 567 559 599 non
586 555 753 598 solum
779 554 996 598 inferius
1023 555 1110 598 sed
1136 555 1296 598 etiam
1322 555 1572 607 exterius;
1601 558 1717 598 utut
1737 557 1929 599 domus
1952 557 2070 601 haec
2090 558 2217 602 talia
2236 562 2367 602 tam-

164 650 266 695 que
286 638 595 694 multiplicia
615 637 886 681 continere
906 649 1014 682 non
1034 637 1190 681 facile
1211 637 1531 690 crederetur,
1555 639 1827 683 recensere
1847 639 1888 682 81
1909 639 2063 683 nimis
2082 642 2365 696 prolixum,

93 731 116 766 5
166 723 206 765 ἃ
227 721 364 766 forte
385 721 697 777 quibusdam
716 720 998 764 taediosum
1017 720 1168 765 foret.

508 862 813 907 VRANIAE
828 862 1037 907 sacrata
1059 862 1273 916 domuS,
1296 862 1516 918 specula
1537 862 1744 919 inclyta
1769 863 1907 908 Coeli

507 946 741 991 Excelso
761 945 989 990 fundata
1008 946 1147 999 1000,
1169 945 1495 1001 firmataque
1518 946 1698 1000 valliS,

505 1029 920 1084 Arboribusque
938 1029 1253 1085 herbisque,
1279 1029 1387 1073 tuis
1405 1029 1710 1074 circumsita
1730 1029 1786 1073 in
1807 1030 1981 1075 hortis

511 1112 647 1172 Quae
670 1113 753 1156 ter
766 1112 1023 1167 septenos
1042 1112 1268 1157 lustrasti
1285 1112 1477 1157 cuncta
1493 1124 1600 1168 per
1614 1112 1812 1158 Annos

73 1204 117 1239 ιο
512 1195 724 1250 Sidera,
748 1196 875 1240 dum
898 1197 1067 1252 caput
1082 1196 1363 1251 augustum
1385 1195 1614 1240 sustollis
1637 1196 1873 1252 Olympo

513 1278 734 1324 Siccine
754 1279 931 1334 spreta
944 1278 1140 1335 Jaces?
1157 1279 1229 1323 Iic
1249 1291 1395 1324 nunc
1416 1280 1603 1324 orbata
1624 1279 1894 1335 quiescis?

511 1363 749 1407 Forsitan
770 1362 827 1406 id
845 1362 1057 1418 superis
1079 1362 1265 1417 visum,
1289 1363 1488 1418 quibus
1509 1363 1724 1407 Enthea
1746 1374 1918 1417 curae;

510 1447 598 1490 Ne
618 1457 820 1501 magna
841 1446 1062 1501 exiguis
1080 1446 1408 1501 stringantur
1421 1457 1651 1491 munera
1672 1446 1934 1500 claustris,

514 1529 609 1574 Sic
632 1531 860 1574 volvunt
878 1529 1199 1584 variantque
1222 1530 1376 1574 vices
1402 1530 1688 1574 Tei-restria
1709 1540 1956 1585 quaeque.

78 1621 120 1656 15
514 1612 602 1658 Sit
620 1613 715 1656 tibi
730 1614 858 1657 laus
875 1612 975 1657 soli
993 1613 1087 1668 qui
1109 1612 1316 1657 Coelum
1341 1613 1390 1657 8(
1411 1612 1608 1658 Sidera
1631 1614 1864 1668 torques.
1887 1612 1908 1673 ΙΙ

1726 3383 2373 3437 ORTHOGRAPHIA
