2638 3952
257 265 325 315 94

470 260 1079 314 ASTRONOMIAE
1106 258 1673 313 INSTAURATAE
1700 258 2250 313 MECHANICA

538 401 763 445 AEthera
782 399 1046 456 suspiciat,
1068 410 1276 445 normae
1298 410 1438 455 vaga
1460 398 1657 443 Sidera
1676 397 1881 442 subdet.

538 473 757 516 Felices
776 472 953 527 igitur,
976 471 1174 527 quibus
1195 472 1316 515 haec
1336 471 1458 514 sunt
1475 470 1690 514 Enthea
1711 480 1874 523 curae,

537 545 680 588 Dum
704 544 954 599 quaerunt
973 544 1022 587 8(
1042 554 1179 598 opes
1199 542 1309 596 alii,
1334 543 1383 586 ἅτ
1401 540 1671 586 sectantur
1683 541 1941 594 bonores,

536 614 785 664 Delicias
804 616 1107 669 luxumque
1122 615 1332 669 petunt,
1357 614 1406 657 ἃ
1423 612 1635 656 ludicra
1657 611 1872 667 quaevis

543 685 872 739 Tractantes,
897 685 1062 730 vitam
1084 685 1293 740 stupide
1308 695 1572 740 pecorum
1595 683 1761 727 instar
1775 683 2008 727 inertum
2507 695 2530 730 5

544 759 857 802 Traducunt
876 757 1031 801 viles.
1053 757 1142 800 Ab
1167 768 1273 812 quo
1292 755 1598 812 ignorantia
1618 765 1770 799 caeca

538 829 862 884 Praecipites
881 828 997 883 agit
1011 829 1133 882 hos,
1156 827 1355 883 quibus
1373 827 1512 871 haut
1526 827 1650 871 sunt
1665 826 1837 871 ardua
1858 825 2041 871 cordi?

544 901 622 944 Tu
642 901 734 944 cui
752 911 914 943 mens
933 900 1195 955 generosa
1215 899 1435 954 superni
1451 897 1677 942 seminis
1696 898 1824 953 igne

535 972 724 1026 Ardet,
747 972 802 1015 in
824 971 1118 1015 AEthereos
1138 970 1342 1015 alacris
1362 969 1667 1014 conscende
1686 969 1940 1013 receBuS.

535 1043 658 1087 Huc
679 1054 783 1098 age
810 1042 1181 1096 Timochares,
1203 1042 1519 1095 Ptolemaee‚
1547 1040 1865 1096 Copernice‚
1889 1040 2147 1096 quamvis
2513 1052 2556 1087 10

542 1114 739 1159 Confisi
756 1114 1002 1168 nimium,
1024 1113 1318 1158 fallacibus
1337 1112 1726 1157 Instrumentis.

536 1185 695 1230 Ilicet
710 1197 780 1230 an
808 1185 1013 1230 Turrim
1034 1185 1204 1229 liceat
1219 1185 1585 1229 conscendere
1601 1183 1795 1239 parvis

537 1256 860 1302 Praecelsam
883 1256 1160 1312 gradibus,
1187 1256 1430 1301 Coelosve
1451 1255 1795 1311 apprendere
1815 1254 2008 1300 conto?

545 1329 617 1373 Ut
633 1329 825 1372 dextre
844 1327 1092 1372 Astriseri
1106 1329 1337 1382 pateant
1349 1326 1657 1383 penetralia
1677 1326 1904 1371 Mundi?

535 1399 670 1458 Ouae
690 1400 790 1444 nisi
809 1410 910 1444 vos
931 1398 1058 1443 olim
1081 1398 1367 1443 frustraBet
1386 1410 1534 1452 cura,
1557 1399 1782 1443 daretur
2512 1410 2553 1445 15

532 1471 729 1516 Sidera
750 1482 895 1515 nunc
915 1471 971 1514 N
974 1470 1180 1514 umeris
1200 1470 1403 1514 melius
1421 1470 1723 1514 subducere
1746 1469 1951 1514 vestris.

537 1543 614 1586 Tu
638 1553 782 1597 vero,
805 1541 898 1586 cui
914 1553 1076 1585 mens
1095 1541 1259 1585 Divis
1278 1541 1635 1595 contermina,
1657 1541 1797 1586 ades
1817 1542 1945 1586 dum

536 1613 799 1668 TYCHO,
822 1614 1102 1657 Danorum
1125 1612 1486 1657 celeberrima
1507 1612 1679 1668 gloria
1699 1612 1882 1668 gentis
1893 1625 1909 1657 .·

537 1685 689 1729 Talia
712 1686 762 1728 te
778 1684 994 1740 placuit
1011 1684 1245 1740 Superis
1266 1683 1501 1728 obstacla
1524 1684 1713 1728 videre

538 1756 757 1800 Viribus
775 1756 1038 1800 humanis
1058 1755 1338 1810 cedentia;
1355 1755 1545 1811 ferque
1566 1755 1742 1800 labori
2508 1767 2555 1802 20

533 1827 842 1872 Subsidium
864 1828 1156 1881 Herculeo,
1179 1839 1340 1883 quem
1363 1839 1473 1872 non
1494 1827 1635 1871 bene
1651 1826 1878 1883 pertulit
1894 1826 2073 1871 Atlas.

533 1898 753 1954 Organa
774 1900 844 1943 da
865 1898 1065 1952 facilis,
1089 1910 1213 1954 quae
1231 1899 1478 1943 maxima
1501 1899 1551 1943 8(
1571 1899 1776 1954 optima
1796 1897 1932 1943 nosti

534 1970 798 2024 Condere,
821 1982 1054 2026 quaeque
1073 1970 1217 2014 liber
1235 1972 1361 2015 tuus
1382 1970 1472 2015 hic
1493 1970 1868 2015 communicat
1887 1970 2046 2016 Orbi:

528 2042 711 2085 Annis
734 2043 817 2086 ter
831 2041 1054 2097 septem,
1079 2041 1278 2097 quibus
1297 2041 1455 2086 Astra
1475 2041 1739 2086 micantia
1763 2043 1870 2086 toto

530 2113 782 2157 Lustrasti
801 2113 1003 2157 as3idue
1024 2113 1138 2157 fixa
1160 2115 1323 2168 atque
1347 2114 1605 2168 vagantia
1630 2113 1795 2158 Coelo.
2507 2124 2553 2159 2⁵

531 2184 762 2239 Singula
783 2195 907 2240 quae
927 2184 1081 2228 sacili
1097 2195 1248 2240 gyro,
1269 2184 1404 2229 licet
1419 2184 1571 2228 invia
1592 2185 1885 2240 quondam,

527 2256 743 2299 Duxisti
759 2256 815 2300 in
836 2267 1102 2310 normam,
1127 2258 1270 2300 totus
1290 2257 1382 2300 cui
1401 2256 1744 2312 obtemperat
1761 2256 1967 2301 AEtber.

533 2326 579 2371 O
598 2327 746 2371 Dani
764 2327 1042 2371 celebres!
1062 2326 1094 2371 ὂ
1116 2329 1302 2383 terque
1324 2329 1624 2382 quaterque
1645 2328 1808 2382 beati,

532 2398 693 2442 Hunc
712 2398 953 2453 genuiBe
976 2399 1150 2442 virum
1175 2400 1381 2443 tantum
1405 2399 1605 2454 quibus
1623 2398 1780 2443 Astra
1801 2398 2031 2443 dedere!

536 2469 719 2525 MaJ‘or
734 2471 791 2514 at
806 2470 936 2513 hinc
959 2470 1117 2514 vobis
1135 2469 1284 2529 (fieri
1302 2470 1427 2525 quis
1441 2471 1591 2526 pos3e
1607 2469 1895 2528 putaRet?)
2506 2481 2554 2516 30

540 2540 726 2585 Gloria
746 2552 892 2585 nunc
912 2540 1090 2596 surgit,
1113 2542 1272 2596 quod,
1297 2552 1457 2596 quem
1480 2541 1715 2585 retinere
1734 2542 1952 2596 licebat,

543 2612 782 2656 Vestrum
811 2612 1132 2656 Teutboniae
1151 2623 1260 2656 non
1280 2612 1548 2656 invidistis
1569 2614 1869 2657 alumnum.

536 2683 774 2728 Forsitan
795 2684 900 2728 hoc
919 2683 1164 2727 summus
1187 2684 1361 2728 voluit
1374 2683 1576 2729 DEVS
1592 2684 1687 2728 ille
1706 2685 1965 2739 Deorum,

540 2754 658 2813 Ouo
679 2756 852 2799 decus
873 2754 1090 2799 Vraniae
1115 2755 1312 2799 Terras
1326 2756 1645 2810 penetraret
1660 2755 1716 2799 in
1737 2767 1949 2810 omnes,

539 2825 585 2871 O
605 2825 1005 2870 FRIDERICE
1017 2827 1182 2881 pater
1196 2826 1412 2880 Patriae,
1433 2827 1791 2872 memorabile
1811 2827 1973 2884 cujus
2507 2838 2554 2874 35

537 2897 753 2941 Nomen
773 2897 830 2941 in
854 2896 996 2942 Orbe
1019 2897 1180 2952 viget,
1206 2898 1295 2942 tua
1316 2909 1425 2942 non
1445 2899 1571 2942 laus
1590 2898 1798 2954 infima,
1821 2899 1967 2955 quod
1988 2901 2042 2944 tu

543 2968 958 3014 TYCHONEM
975 2968 1282 3024 excipiens,
1303 2968 1481 3014 fovisti
1497 2969 1686 3025 sponte
1705 2970 1947 3016 laborem

538 3039 850 3094 Egregium,
872 3040 967 3095 qui
984 3039 1202 3084 animos
1221 3040 1492 3096 ingentes,
1514 3042 1789 3097 cordaque
1813 3043 2012 3098 tanget,

542 3110 888 3166 Cultoresque
907 3111 989 3155 sui
1007 3111 1258 3155 celebres
1278 3111 1519 3167 aequabit
1538 3112 1791 3168 Olympo,

540 3181 697 3239 Ouod
719 3193 848 3226 vero
868 3182 1085 3227 Patrias
1104 3194 1250 3227 nunc
1276 3182 1524 3229 TYCHO
1543 3184 1834 3239 reliqueris
1854 3195 1996 3239 oras,
2505 3193 2553 3229 40

541 3252 694 3297 Celso
714 3253 898 3298 animo
912 3253 1112 3309 perfer,
1136 3254 1308 3298 veluti
1323 3253 1491 3299 sacis:
1516 3255 1768 3310 Undique
1790 3257 1954 3300 tellus

536 3324 893 3379 Magnanimo
912 3326 1096 3369 natale
1115 3325 1302 3370 solum.
1326 3325 1497 3370 Salve
1517 3325 1698 3371 incola
1718 3327 1915 3371 Mundi
1919 3339 1937 3380 ;

2343 3401 2462 3455 Sat
