2638 3952
99 1207 141 1242 10

99 1592 141 1628 15

94 1978 140 2013 20

93 2364 139 2399 25

94 3133 140 3168 35

399 288 1011 342 ASTRONOMIAE
1037 287 1604 341 INSTAURATAE
1631 290 2179 345 MECHANICA
2324 294 2392 346 53

720 432 1271 495 EXPLICATIO
1302 433 1726 495 FABRICAE
1754 434 1867 495 ET

1171 533 1408 595 VSVS.

540 692 545 711 ,
586 686 605 716 ᾗ
667 658 895 702 RGANA
916 658 1282 701 antecedentia
1306 670 1370 702 eo
1394 658 1711 713 potissimum
1732 659 1979 714 spectant,
2007 664 2063 704 ut
2082 662 2393 707 Altitudines

458 724 478 745 ⁶
665 736 706 779 ἃ
726 735 1010 778 Azimutha
1031 735 1134 779 five
1155 735 1382 787 seorsim,
1412 736 1516 779 five
1542 735 1879 793 conjunctim,
1905 738 1967 793 ijs
1988 738 2201 782 Coelitus
2225 740 2395 784 obser-

664 815 868 856 ventur.
899 811 1035 864 Quia
1061 823 1189 855 vero
1219 812 1415 856 horum
1443 813 1496 856 in
1523 814 1673 857 usum
1699 814 2124 859 Astronomicum
2150 815 2393 860 deductio

664 889 934 944 praecipua
956 900 1021 932 ex
1042 892 1192 943 parte
1213 890 1420 933 calculo
1445 890 1639 946 indiget
1656 891 2075 947 Triangulorum‚
2104 904 2211 937 non
2232 894 2396 937 omni-

577 964 603 1010 Φ
663 966 762 1010 bus
788 966 943 1010 facile
964 966 1140 1018 obvio,
1168 967 1209 1010 8ι
1234 979 1330 1022 per
1349 967 1399 1010 se
1420 967 1734 1022 quibusdam
1759 969 2001 1013 laborem
2027 969 2394 1026 effugientibus

505 1049 520 1067 ⁶
586 1056 598 1062 ·‘
661 1043 899 1095 taedioso,
939 1043 1253 1099 excogitatae
1286 1044 1400 1087 sunt
1432 1045 1552 1089 aliae
1585 1045 1869 1099 machinae,
1911 1046 2099 1101 quibus
2132 1047 2395 1091 stellarum

189 1120 536 1177 longitudines
552 1120 592 1163 81
606 1119 922 1172 latitudines,
945 1132 1066 1175 quae
1081 1121 1187 1165 duo
1202 1121 1559 1177 principaliter
1574 1122 1922 1177 inquiruntur,
1944 1124 2166 1169 minimo
2185 1124 2393 1180 negotio

190 1199 230 1243 ἃ
257 1198 452 1252 absque
479 1197 697 1241 molesta
725 1197 1076 1241 calculatione
1101 1198 1288 1242 haberi
1315 1202 1532 1253 queunt;
1561 1199 1697 1244 inter
1722 1213 1859 1255 quae,
1889 1201 1995 1245 duo
2021 1202 2290 1257 praecipue
2311 1213 2396 1246 ve-

187 1275 386 1319 teribus
414 1274 468 1317 in
495 1275 588 1318 usu
617 1274 761 1318 fuisse
787 1275 1084 1330 comperio;
1116 1287 1344 1329 quorum
1372 1289 1538 1319 unum
1564 1277 1845 1321 Armillare
1872 1278 2279 1323 Instrumentum
2309 1291 2396 1335 ap-

189 1352 472 1409 pellabant,
501 1352 644 1406 quod
666 1351 977 1407 Hipparcho
998 1352 1039 1395 81
1058 1353 1344 1397 Ptolemaeo
1370 1353 1424 1397 in
1448 1354 1542 1397 usu
1568 1357 1696 1398 erat.
1726 1355 1958 1411 Ideoque
1986 1357 2052 1399 ab
2079 1356 2140 1412 ijs
2161 1357 2394 1400 denomi-

187 1429 460 1474 nationem
490 1428 743 1472 sortitum.
775 1428 1014 1473 Alterum
1039 1429 1363 1484 Torquetum
1393 1429 1591 1475 did'tum
1621 1431 1708 1484 est,
1741 1432 1807 1476 ab
1835 1433 2097 1477 Arabibus
2128 1436 2219 1477 aut
2245 1434 2394 1477 Chal-

188 1507 319 1551 daeis
338 1506 432 1564 (uti
451 1505 707 1563 existimo)
726 1506 1087 1561 excogitatum
1107 1507 1396 1562 Organum,
1424 1508 1590 1563 ijsque
1616 1509 1939 1564 usurpatum.
1969 1510 2133 1565 quue
2152 1510 2206 1554 in
2224 1511 2394 1566 planis

191 1584 564 1640 superficiebus
590 1583 936 1627 circularibus
961 1583 1103 1627 idem
1129 1584 1356 1639 praestat,
1386 1586 1529 1640 quod
1553 1586 1698 1641 prius
1721 1586 1774 1630 in
1794 1587 2038 1631 Armillis.
2068 1587 2186 1632 Hoc
2214 1591 2393 1632 autem

188 1661 456 1717 posterius,
479 1672 576 1704 nec
598 1661 727 1704 dum
748 1660 968 1705 confieri
988 1661 1148 1714 volui,
1171 1661 1309 1716 quia,
1332 1663 1367 1705 fi
1388 1663 1639 1707 machina
1659 1664 1962 1719 requisitam
1981 1664 2179 1709 habeat
2199 1665 2394 1722 magni-

186 1738 441 1791 tudinem,
469 1738 559 1782 suo
581 1738 630 1782 se
650 1738 886 1793 pondere
907 1741 1171 1794 aggravet,
1200 1742 1357 1794 atque
1378 1740 1489 1783 usui
1508 1740 1752 1785 inhabilis
1773 1742 1845 1785 fit.
1876 1742 2033 1798 Cujus
2053 1742 2393 1786 nihilominus

187 1815 468 1867 fabricam,
502 1816 537 1858 fi
571 1815 686 1870 quis
718 1815 993 1868 desiderat,
1028 1816 1174 1871 Opus
1203 1816 1630 1861 Astronomicum
1663 1819 1963 1863 Caesareum
1992 1819 2217 1874 Appiani
2249 1820 2393 1864 circa

187 1893 352 1937 finem
381 1893 633 1945 consulat,
672 1893 775 1936 sive
807 1892 1065 1937 Schoneri
1098 1893 1333 1937 libellum
1366 1894 1431 1938 de
1463 1895 1671 1948 eodem,
1703 1895 2168 1941 observationibus
2195 1898 2265 1940 Cl.
2296 1897 2394 1940 viri

190 1969 603 2026 Regiomontani,
631 1973 788 2024 atque
814 1970 970 2025 ipsius
990 1970 1224 2026 discipuli
1244 1971 1467 2015 Walteri
1487 1972 1616 2015 civis
1638 1973 2066 2029 Norinbergenfis
2091 1975 2390 2029 praefixum.

189 2047 267 2091 Ibi
292 2047 402 2091 voti
427 2058 652 2102 compos
681 2047 945 2091 reddetur.
976 2047 1254 2092 Armillare
1280 2059 1410 2092 vero
1433 2049 1753 2104 jamdudum
1781 2051 1974 2095 confici
2001 2052 2184 2095 curavi
2212 2052 2394 2096 Instru-

188 2127 444 2176 mentum,
466 2124 519 2167 in
540 2135 645 2178 quo
665 2125 919 2168 nonnulla
941 2125 1008 2169 ab
1031 2124 1344 2180 Hipparcho
1359 2126 1400 2169 8ι
1414 2127 1701 2171 Ptolemaeo
1721 2128 1971 2183 usurpata
1992 2128 2230 2172 certioris
2251 2140 2393 2173 com-

187 2201 458 2245 moditatis
486 2201 652 2256 gratia
681 2201 983 2245 immutavi:
1019 2202 1175 2257 Cujus
1204 2202 1387 2246 Ideam
1416 2203 1503 2247 hic
1534 2204 1805 2260 conspicis.
1840 2205 2049 2250 Constat
2077 2206 2181 2250 hoc
2211 2206 2394 2250 Instru-

189 2282 430 2322 mentum
457 2281 686 2333 quatuor
710 2279 894 2322 saltem
919 2279 1152 2322 Armillis
1179 2279 1525 2324 circularibus
1554 2281 1699 2338 (cum
1726 2282 2134 2337 praedecessores
2164 2283 2393 2338 quinque

187 2357 273 2400 vel
300 2355 387 2400 sex
413 2355 767 2412 adhibuerint)
793 2368 1022 2411 quarum
1051 2356 1224 2411 prima
1254 2357 1500 2401 EBCNH
1528 2358 1881 2402 Meridianum
1906 2360 2263 2414 repraesentat.
2296 2360 2394 2404 De-

188 2434 380 2488 betque
406 2433 607 2488 disponi
632 2436 690 2476 ut
715 2433 916 2477 Coelesti
942 2434 1001 2476 fit
1026 2434 1267 2489 analoga.
1300 2435 1359 2477 In
1386 2437 1490 2489 qua
1514 2435 1666 2491 Juxta
1693 2436 1785 2479 CD
1815 2436 1923 2491 poli
1950 2437 2063 2480 sunt
2089 2437 2391 2491 aequatoris,

189 2511 277 2566 qui
302 2511 611 2554 attolluntur
637 2510 1122 2566 deprimunturque,
1151 2511 1321 2555 donec
1348 2511 1608 2556 latitudini
1635 2513 1746 2569 ejus
1772 2513 1892 2566 loci,
1920 2514 1974 2557 in
2000 2525 2105 2569 quo
2131 2514 2190 2557 fit
2212 2514 2394 2558 Obser-

187 2587 332 2632 vatio
354 2586 537 2632 exacte
558 2588 1020 2643 correspondeant.
1044 2588 1199 2640 Quod
1219 2600 1315 2643 per
1333 2589 1771 2645 perpendiculum
1786 2590 1864 2634 BS
1880 2592 2186 2646 exploratur
2203 2603 2394 2647 appen-

190 2664 300 2708 sum
329 2664 561 2720 superius
580 2666 732 2721 juxta
757 2665 957 2718 Zenith‚
984 2666 1075 2709 ubi
1101 2665 1280 2710 divifio
1306 2666 1585 2710 Meridiani
1611 2668 2065 2722 complementum
2090 2669 2253 2713 habet
2271 2669 2395 2712 Alti-

187 2741 380 2785 tudinis
406 2742 528 2794 Poli,
557 2742 598 2785 81
623 2743 937 2786 tantundem
964 2743 1126 2786 etiam
1154 2742 1371 2787 inferius
1397 2756 1429 2787 a
1454 2744 1578 2788 Polo
1607 2745 1774 2788 altero
1801 2749 2121 2789 removetur.
2154 2746 2394 2791 Continet

190 2822 368 2862 autem
389 2818 475 2863 hic
491 2819 815 2863 Meridianus
830 2831 1016 2863 omnes
1031 2819 1162 2864 alias
1182 2820 1318 2863 intra
1333 2821 1384 2864 se
1396 2820 1664 2865 Armillas:
1682 2833 1909 2876 quarum
1924 2822 2096 2877 prima
2110 2822 2180 2867 est
2195 2823 2313 2866 GFI
2325 2823 2391 2875 H,

188 2895 528 2939 Zodiacalem
557 2897 781 2940 alteram
809 2896 1007 2949 POQN
1036 2897 1370 2941 transversim
1399 2901 1634 2952 portans,
1668 2899 1817 2954 quus
1846 2899 1954 2943 Poli
1982 2900 2097 2943 sunt
2127 2900 2268 2955 apud
2298 2900 2390 2952 IK,

187 2975 395 3016 tantum
422 2973 668 3017 distantes
694 2986 726 3016 a
752 2973 896 3029 prius
923 2972 1071 3018 dicstis
1100 2973 1571 3030 aequinoctialibus,
1604 2979 1802 3031 quanta
1831 2976 1902 3020 est
1928 2976 2224 3021 differentia
2250 2978 2394 3021 Polo-

188 3061 309 3093 rum
340 3050 641 3106 Ecclipticae
670 3050 712 3093 ἃ
740 3050 1066 3105 AEquatoris,
1101 3052 1205 3095 five
1237 3051 1475 3096 maxima
1508 3053 1723 3097 Zodiaci
1752 3053 2065 3105 Declinatio‚
2100 3066 2262 3109 quam
2294 3065 2392 3098 nos

190 3126 465 3181 aliquoties
497 3125 812 3171 exac‘tissime
844 3128 1309 3183 depraehendimus
1342 3140 1481 3172 nunc
1515 3129 1614 3174 esse
1645 3130 1877 3185 partium
1908 3130 1981 3174 23.
2018 3131 2088 3174 M.
2118 3130 2200 3178 31}
2232 3131 2390 3186 paulo

190 3203 342 3247 aliter
372 3216 535 3258 quam
565 3204 987 3259 praedecessores.
1027 3206 1121 3249 Per
1150 3206 1303 3249 Polos
1336 3208 1516 3249 autem
1548 3206 1703 3262 hujus
1735 3207 1950 3251 Zodiaci
1979 3208 2160 3251 transit
2192 3207 2392 3251 canalis

188 3283 328 3324 teres
354 3281 484 3324 ΙΑΚ
510 3281 890 3334 Orichalcicus,
920 3282 1124 3326 habens
1146 3283 1298 3338 juxta
1324 3285 1566 3326 centrum
1591 3284 1636 3326 A
1663 3283 1991 3338 Cylindrum;
2024 3284 2212 3339 quibus
2237 3283 2391 3327 nobis

189 3357 407 3413 integrae
425 3358 662 3401 Armillae
681 3358 947 3403 veteribus
967 3359 1248 3414 usurpatae,
1271 3359 1628 3403 commoditas
1650 3360 1928 3415 suppletur.
1958 3360 2096 3412 Quin
2116 3361 2157 3404 ἃ
2178 3361 2281 3404 alia
2300 3361 2391 3403 Ar-

2225 3439 2391 3492 milla
