2638 3952
381 252 992 307 ASTRONOMIAE
1019 256 1586 309 INSTAURATAE
1612 259 2162 311 MECHANICA
2284 260 2376 312 153

33 391 147 435 H5‘
209 391 1132 469 SVPPLEMENTVM
1177 396 1329 468 DE
1371 396 2165 471 SVBDIVISIONE
2209 399 2348 471 ET

87 1114 129 1149 10

100 1327 128 1370 ÷

90 1477 131 1511 15

89 2189 136 2224 25

90 2902 136 2937 35

91 3256 139 3291 40

699 504 1059 557 DIOPTRIS
1086 504 1858 559 INSTRVMENTORVM.

489 612 492 614 ’
583 625 599 663 3
641 607 937 659 IQUIDEM
958 609 1011 652 in
1033 609 1400 664 superioribus,
1420 622 1544 653 cum
1563 611 1628 653 de
1643 611 2001 655 Instrumentis
2020 624 2249 667 agerem,
2270 613 2381 656 sub-

391 722 402 730 ,
476 732 483 739 .
499 681 503 699 ³
559 685 563 691 ¹
640 679 950 723 divisionem
968 681 1371 724 transversalem
1393 685 1553 736 atque
1567 682 1804 737 dioptras
1818 694 1926 726 non
1939 683 2119 738 figuris
2131 684 2383 738 expresse-

276 803 290 813 .
487 743 516 803 R.
548 743 571 780 Ἳ
639 762 775 803 ram,
797 751 941 805 quod
957 763 1038 795 eae
1054 755 1168 795 tam
1188 752 1320 796 cito
1307 764 1360 795 1n
1375 756 1626 808 promptu
1640 765 1749 797 non
1764 754 1936 806 essent,
1959 755 2103 798 lubet
2122 755 2174 797 id
2195 755 2379 809 ipsum,

297 848 299 859 ‚
336 801 387 889 J),
416 870 422 885 x
445 828 460 843 ³
513 820 566 882 ῥ’
591 865 594 883 ¹
641 833 746 876 quo
774 823 1044 877 negotium
1069 823 1174 867 hoc
1198 823 1390 867 rectius
1412 824 1743 879 intelligatur,
1772 825 1858 868 hic
1887 826 2208 881 subjungere.
2244 826 2382 868 Divi-

370 894 395 916 ‘·
443 907 457 914 χ
592 954 602 958 -
642 893 796 936 lionis
815 893 993 948 itaque
1012 893 1207 949 punrsta
1228 895 1471 939 habentis
1484 896 1849 939 transversalia
1864 898 2057 941 modus
2076 897 2196 940 talis
2217 897 2302 948 est,
2324 899 2381 939 ut

641 964 760 1007 haec
782 965 1028 1019 exprimit
1046 966 1231 1021 figura,
1253 966 1306 1009 in
1327 979 1432 1017 qua
1453 967 1649 1022 lingula
1667 968 1804 1010 dena
1824 968 2027 1011 minuta
2047 981 2143 1023 per
2162 969 2382 1012 lineolas

176 1035 229 1078 in
249 1035 437 1078 decem
455 1034 724 1079 interstitia
744 1036 973 1091 aequalia
993 1037 1392 1081 discriminatim
1412 1037 1617 1092 punctis
1636 1042 1822 1082 notata
1843 1040 1972 1091 sunt,
2002 1041 2175 1094 licque
2202 1040 2382 1095 regula

177 1106 390 1149 fiduciae
423 1107 778 1161 quodcunque
816 1107 1011 1151 horum
1043 1109 1178 1152 inter
1210 1109 1601 1153 observandum
1632 1111 1886 1153 transiens
1918 1111 2087 1165 ipsum
2119 1111 2383 1154 minutum

178 1178 387 1233 gradus,
407 1178 551 1232 quod
569 1179 910 1232 qua-,rebatur
926 1180 1138 1234 promit,
1158 1184 1249 1224 aut
1264 1181 1559 1235 aliquotam
1575 1181 1685 1237 eJ‘us
1700 1194 1817 1236 par-

177 1252 304 1301 tem,
332 1261 429 1304 pro
455 1252 513 1292 ut
538 1249 606 1292 ab
632 1249 737 1294 hoc
758 1251 843 1294 vel
869 1250 955 1294 illo
983 1250 1178 1306 pundto
1205 1252 1471 1296 removeri
1491 1252 1813 1296 discernitur.

180 1320 334 1364 Hanc
355 1324 536 1364 autem
557 1321 745 1376 Lipfiae
766 1322 819 1364 in
838 1323 1193 1366 adolescentia
1213 1323 1387 1376 didici,
1412 1322 1689 1368 rectilineis
1710 1324 1816 1379 qui-

179 1393 301 1436 dem
331 1393 859 1448 Parallelogrammis‚
894 1394 1083 1448 quibus
1112 1394 1276 1438 etiam
1307 1395 1520 1450 proprie
1550 1396 1813 1448 convenit,
1905 1442 1914 1452 ,
1955 1436 1991 1446 ..
2033 1434 2066 1444 ..
2112 1434 2149 1443 ..
2218 1434 2226 1442 .
2268 1434 2276 1443 .

182 1464 620 1545 accommodam:
656 1464 831 1517 Quam
862 1468 1045 1509 tamen
1075 1466 1255 1521 postea
1289 1467 1519 1511 arcubus
1551 1467 1604 1510 in
1634 1468 1817 1511 Instru-
1903 1462 1912 1471 ‘
1960 1458 1986 1468 '⁸
2052 1455 2062 1463 ’
2135 1457 2145 1464 ’
2194 1457 2200 1465 ’
2270 1457 2301 1465 ”

183 1607 498 1651 decennium
531 1607 583 1650 in
614 1607 749 1651 libro
781 1608 956 1652 nostro
990 1609 1056 1652 de
1088 1609 1309 1652 Cometa
1337 1610 1475 1653 Anni
1510 1610 1637 1654 1577.
1673 1610 1816 1654 circa

184 1679 391 1723 calcem
411 1678 602 1734 pagina
615 1678 718 1722 461.
740 1679 822 1723 his
841 1680 1049 1723 verbis
1036 1681 1202 1724 1nnui:
1226 1680 1384 1724 Licet
1396 1681 1542 1724 enim
1560 1681 1683 1725 eius
1698 1679 2079 1725 demonstratio
2092 1678 2388 1723 rectilineis

184 1748 727 1804 parallelogrammis
742 1751 964 1805 proprie
984 1751 1292 1805 conveniat,
1320 1752 1680 1796 nihilominus
1700 1751 2016 1796 arcualibus
2035 1750 2200 1794 etiam
2223 1751 2389 1794 lineis

183 1821 239 1864 in
267 1822 374 1865 tam
404 1820 541 1864 exili
563 1820 857 1875 interstitio,
889 1823 1034 1877 quod
1059 1834 1092 1866 a
1118 1822 1261 1867 recia
1286 1823 1434 1867 linea
1455 1823 1833 1867 insensibiliter
1848 1822 2042 1875 differt,
2070 1821 2204 1865 citra
2226 1833 2388 1866 omne

183 1891 384 1936 erroris
406 1891 687 1947 vestigium
707 1893 1104 1957 convenienter
1113 1893 1434 1949 applicatur.
1451 1895 1519 1938 Vt
1533 1907 1661 1939 vero
1675 1895 1780 1939 hoc
1796 1895 1957 1938 etiam
1972 1894 2388 1938 demonstratum

182 1964 269 2008 hic
290 1965 506 2016 addam,
529 1965 597 2008 ob
620 1964 807 2009 sciolos
827 1965 965 2009 forte
985 1966 1258 2020 quosdam,
1282 1967 1370 2021 qui
1391 1978 1470 2018 ea,
1493 1979 1614 2021 quae
1634 1978 1743 2010 non
1758 1966 1877 2010 satis
1893 1966 2123 2020 capiunt,
2146 1969 2386 2020 carpunt,

184 2037 252 2080 fic
273 2036 430 2079 habe.
453 2036 512 2079 In
533 2036 782 2092 assignata
801 2037 971 2092 figura
984 2038 1044 2080 A.
1068 2038 1127 2080 fit
1146 2040 1388 2081 centrum
1404 2038 1749 2090 Instrumenti‚
1772 2038 1981 2094 eJusque
2003 2036 2390 2080 semidiameter

183 2109 243 2151 A.
269 2108 330 2151 Ο.
362 2107 633 2151 assumitur
658 2111 839 2152 autem
866 2108 926 2152 O.
956 2109 993 2152 Ι.
1020 2109 1281 2164 particula
1306 2109 1360 2152 in
1386 2122 1491 2164 qua
1518 2110 1698 2154 divisio
1724 2110 1817 2153 ista

184 2191 279 2234 per
297 2179 462 2223 lineas
480 2180 803 2223 transversas
823 2180 883 2223 fit
902 2192 967 2223 ea
985 2181 1344 2235 proportione,
1368 2193 1489 2236 quae
1509 2181 1580 2225 est
1603 2182 1642 2224 l.
1660 2182 1729 2224 ad
1741 2181 1814 2224 48.

185 2251 353 2305 qualis
369 2251 423 2294 in
441 2251 573 2294 meis
587 2251 946 2295 Instrumentis
966 2255 1024 2294 ut
1042 2252 1330 2307 plurimum
1350 2252 1643 2307 usurpatur.
1667 2253 1819 2295 Cum-

185 2334 287 2377 que
314 2322 375 2366 A.
407 2322 445 2365 Ι.
478 2325 710 2377 ponatur
739 2323 971 2378 partium
1007 2323 1342 2366 10000000000.
1375 2323 1562 2379 integri
1591 2323 1818 2367 Canonis

186 2393 403 2449 maJoris
417 2393 631 2446 Rhetici‚
650 2394 748 2438 erit
760 2395 1052 2438 earundem
1067 2394 1128 2438 O.
1146 2395 1182 2437 Ι.
1198 2394 1479 2438 208333333.
1495 2398 1677 2449 utpote
1693 2406 1818 2450 pars

185 2465 587 2520 quadragefima
607 2464 798 2510 ocstava
819 2466 979 2509 Radii.
1001 2466 1172 2510 Arcus
1193 2466 1229 2509 Ι.
1252 2467 1305 2509 Ε.
1329 2466 1387 2508 fit
1405 2466 1505 2512 20.1
1520 2467 1561 2509 8ι
1575 2467 1684 2510 I.V.
1706 2466 1816 2518 10.1,

183 2537 378 2581 horum
401 2537 538 2580 finus
559 2537 811 2580 29088779.
834 2537 896 2580 Y.
919 2537 956 2581 Ι.
980 2537 1133 2581 Sinus
1154 2540 1334 2581 autem
1355 2538 1612 2581 secundus
1634 2549 1819 2581 eorun-

184 2609 309 2652 dem
327 2607 489 2651 42308.
512 2607 573 2653 V.
596 2608 658 2661 Y,
687 2609 776 2663 qui
803 2609 1012 2652 additus
1033 2609 1094 2652 N.
1116 2608 1179 2661 V,
1208 2610 1351 2664 quod
1374 2610 1581 2663 aequale
1602 2609 1673 2652 est
1695 2609 1755 2652 O.
1779 2609 1816 2660 Ι,

182 2679 312 2723 facit
331 2679 459 2722 N.Y.
480 2679 762 2723 208375641.
785 2680 844 2723 In
863 2679 1124 2735 triangulo
1144 2680 1299 2736 igitur
1318 2680 1494 2724 N.Y.1.
1518 2681 1588 2723 ad
1607 2681 1668 2724 Y.
1690 2678 1819 2723 redt-

185 2752 393 2806 angulo‚
430 2754 557 2794 nota
587 2751 701 2794 funt
736 2752 842 2795 duo
877 2752 1046 2795 latera
1080 2751 1141 2795 Ν.
1157 2752 1219 2796 Υ.
1248 2752 1289 2794 81
1314 2752 1375 2795 Y.
1398 2752 1436 2794 I.
1469 2763 1633 2806 quare
1663 2752 1820 2794 datur

184 2822 324 2866 Baiis
350 2822 386 2865 Ι.
413 2821 476 2866 N.
503 2822 784 2866 210396208.
813 2835 920 2866 una
946 2834 1071 2866 cum
1098 2824 1290 2878 angulo
1319 2823 1380 2866 N.
1403 2823 1440 2866 Ι.
1463 2824 1524 2867 Y.
1553 2823 1626 2866 82.
1654 2824 1703 2866 P.
1732 2823 1816 2868 3.1.

188 2893 322 2940 10.11.
343 2893 505 2940 47.111.
530 2893 623 2936 Cui
643 2893 853 2937 additus
872 2894 934 2936 Y.
951 2894 988 2936 Ι.
1004 2894 1064 2936 Α.
1081 2893 1153 2937 89.
1175 2895 1224 2937 Ρ.
1241 2894 1355 2940 50.1.
1380 2894 1603 2937 Conficit
1623 2894 1685 2937 N.
1703 2894 1740 2936 Ι.
1757 2894 1816 2936 Α.

189 2963 287 3007 171.
309 2965 358 3007 Ρ.
379 2964 494 3010 53.1.
521 2964 654 3011 10.11.
676 2964 838 3011 47.111.
868 2965 1006 3008 Baiis
1031 2976 1161 3008 vero
1190 2965 1251 3008 N.
1275 2965 1312 3008 1.
1340 2965 1394 3008 in
1418 2965 1679 3020 triangulo
1705 2963 2009 3018 rec‘tangulo
2037 2961 2098 3005 N.
2122 2961 2183 3004 Y.
2206 2961 2243 3004 Ι.
2267 2961 2391 3004 divi-

186 3035 342 3078 datur
365 3034 420 3078 in
445 3036 634 3079 decem
659 3039 838 3091 partes
865 3036 1115 3090 aequales,
1142 3039 1200 3078 ut
1226 3036 1547 3080 conveniant
1571 3036 1662 3079 uni
1687 3035 1891 3078 minuto
1918 3032 2170 3083 21039621,
2198 3043 2391 3087 reprae-

186 3106 402 3149 sentatae
422 3117 518 3161 per
537 3107 574 3150 Ι.
595 3107 647 3150 Β.
669 3118 904 3161 moxque
923 3106 976 3150 in
994 3107 1256 3162 triangulo
1278 3107 1654 3162 obliquangulo
1677 3107 1728 3149 B.
1746 3106 1782 3148 Ι.
1799 3106 1859 3148 A.
1882 3105 2076 3148 dantur
2096 3104 2201 3147 duo
2222 3104 2390 3146 latera

187 3177 224 3220 Ι.
247 3177 299 3220 B.
322 3177 363 3220 81
385 3177 422 3220 Ι.
443 3178 503 3220 A.
528 3177 734 3230 Radius,
755 3190 862 3221 una
883 3189 1009 3221 cum
1029 3179 1220 3233 angulo
1241 3178 1294 3221 B.
1318 3178 1355 3221 Ι.
1377 3178 1437 3221 A.
1461 3178 1551 3232 qui
1569 3177 1712 3221 idem
1733 3177 1804 3220 est
1824 3188 1948 3220 cum
1970 3176 2160 3230 angulo
2183 3174 2244 3217 N.
2269 3174 2306 3216 I.
2329 3175 2389 3216 A.

191 3248 289 3291 171.
320 3249 369 3291 P.
390 3248 505 3294 53.l.
541 3248 673 3295 10.11.
704 3248 866 3294 47.111.
898 3248 1042 3303 prius
1070 3252 1304 3304 reperto:
1337 3260 1503 3303 quare
1531 3247 1805 3291 innotescit
1834 3247 2053 3302 angulus
2083 3246 2119 3288 I.
2142 3246 2202 3288 A.
2225 3246 2278 3287 B.
2310 3245 2389 3290 1.1.

191 3319 295 3365 1.11.
317 3319 448 3365 7.111.
481 3320 569 3375 qui
595 3320 971 3363 tantummodo
1005 3320 1085 3366 1.1.
1117 3319 1216 3364 esse
1247 3319 1479 3372 deberet,
1509 3319 1583 3362 ita
1612 3322 1670 3362 ut
1699 3330 1764 3362 eo
1790 3319 1964 3374 major
1989 3318 2048 3360 fit
2074 3317 2256 3359 saltem
2288 3316 2391 3361 1.11.

329 3403 377 3439 20
2254 3386 2392 3454 7.lll.
