2638 3952
263 280 333 333 30
476 242 1086 335 ASTRONOMIAE
1113 282 1679 337 INSTAURATAE
1705 282 2254 336 MECHANICA

264 419 468 475 corrigi.
503 420 735 476 Ideoque
766 422 872 466 duo
906 423 974 466 ad
1006 422 1285 467 minimum
1317 424 1416 468 esse
1445 426 1654 479 oportet
1683 421 1958 478 horologia
1988 421 2321 474 eiuscemodi,
2354 432 2459 477 quo
2484 440 2494 444 -

263 503 430 534 unum
442 491 667 535 alterum
679 493 940 545 emendet,
954 494 1115 538 ficubi
1127 506 1259 550 opus
1271 495 1440 539 fuerit.
1457 495 1567 540 Nos
1579 497 1807 550 quatuor
1817 492 2138 537 eiuscemodi
2147 492 2201 535 in
2210 495 2461 548 promptu

264 561 541 614 habemus,
567 574 795 617 quorum
814 576 980 608 unum
1000 566 1042 608 81
1062 566 1359 609 maximum
1377 566 1545 610 tribus
1564 565 1693 610 rotis
1711 576 1827 608 rem
1849 574 2064 608 omnem
2084 563 2311 619 expedit,
2338 575 2462 618 qua-

263 644 385 675 rum
405 633 577 688 major
597 645 626 676 e
645 633 809 678 solido
830 635 871 678 8ι
890 647 1025 690 puro
1046 636 1329 682 orichalco
1350 637 1462 681 fusa
1486 637 1613 681 1200.
1636 636 1798 680 habet
1818 634 2126 682 denticulos.
2149 633 2228 678 Est
2247 634 2390 678 enim
2408 633 2462 677 in

264 703 525 747 diametro
558 704 786 748 duorum
819 706 1134 751 cubitorum.
1169 708 1375 752 Caetera
1406 709 1528 753 hinc
1561 707 1896 752 aestimentur.
1932 705 2146 760 Reliqua
2175 705 2276 749 tria
2307 705 2463 750 horo-

264 774 401 830 logia
421 774 631 819 minora
651 775 780 829 sunt,
802 777 843 820 8ι
863 777 1100 832 pluribus
1119 778 1349 835 indigent
1368 779 1572 824 rotulis:
1594 779 1790 824 horum
1803 788 1933 822 vero
1947 776 2190 822 omnium
2209 776 2464 832 composi-

262 845 462 889 tionem
489 846 620 890 alias
639 846 700 890 V.
723 847 786 890 D.
809 848 1083 892 Dabimus.
1113 849 1456 905 Qua-,cunque
1479 850 1616 894 intra
1636 848 1957 903 Quadrantis
1977 846 2463 892 circumferentiam

264 919 550 960 cernuntur
567 916 802 972 picturae,
830 923 1048 964 ornatus
1069 921 1403 966 solummodo
1424 922 1591 978 gratia
1612 920 1808 965 additae
1827 920 1957 972 sunt,
1985 919 2026 962 81
2052 931 2118 963 ne
2139 918 2374 975 spacium
2390 917 2465 962 in-

262 991 558 1043 terceptum
579 989 746 1034 otiose
760 994 1003 1035 vacaret:
1027 1004 1159 1046 quas
1179 992 1340 1036 etiam
1360 992 1609 1038 brevibus
1628 991 1912 1044 elucidare,
1933 990 2056 1035 licet
2073 989 2248 1034 minus
2265 989 2335 1033 ad
2347 1000 2464 1033 rem

262 1059 441 1111 faciat,
462 1071 570 1103 non
590 1060 688 1104 erit
705 1062 866 1116 usque
886 1063 1022 1106 adeo
1043 1063 1433 1108 inconveniens.
1463 1064 1606 1107 Infra
1625 1063 1834 1108 literam
1851 1062 1891 1105 T
1911 1060 2121 1117 appid’ta
2140 1060 2211 1106 est
2231 1060 2338 1105 mei
2357 1060 2466 1105 effi-

263 1130 386 1185 gies,
414 1131 551 1174 sellae
578 1132 647 1175 ad
672 1134 910 1176 mensam
936 1134 1118 1188 pofitae
1146 1134 1406 1179 assidentis
1425 1135 1477 1179 in
1497 1136 1654 1191 longa
1672 1134 1829 1178 talari
1846 1133 1986 1177 veste
2009 1132 2246 1177 nonnihil
2268 1132 2371 1177 sese
2389 1143 2467 1176 re-

264 1201 526 1255 clinando,
548 1202 622 1246 ita
641 1206 698 1246 ut
718 1204 994 1248 dexteram
1014 1217 1236 1249 manum
1253 1207 1432 1250 versus
1447 1206 1771 1262 Cylindrum,
1791 1203 2044 1249 indicanti
2064 1203 2286 1248 similem
2304 1203 2468 1259 porri-

263 1276 366 1330 gat,
388 1274 613 1317 alteram
632 1275 829 1319 mensae
843 1276 995 1331 juxta
1008 1277 1203 1321 librum
1217 1277 1259 1320 81
1273 1278 1524 1332 qua-,dam
1539 1277 1643 1320 alia
1655 1276 1911 1332 imponat,
1933 1275 2077 1331 quasi
2091 1275 2160 1319 lic
2174 1275 2466 1319 indicarem

263 1345 396 1389 meis
425 1345 672 1398 studiofis,
708 1347 832 1401 quid
862 1348 1251 1392 observandum
1280 1349 1359 1401 fit3
1391 1349 1432 1392 δι
1462 1348 1734 1404 quomodo
1763 1348 1817 1391 in
1843 1347 1997 1391 usum
2023 1346 2078 1390 id
2104 1346 2463 1402 redigendum.

265 1416 419 1460 Hanc
440 1416 669 1472 effigiem
688 1421 883 1474 magna
903 1420 1112 1463 solertia
1132 1419 1372 1475 expressit
1389 1420 1620 1464 Thobias
1640 1418 2007 1474 Gemperlinus
2027 1417 2251 1462 eximius
2277 1417 2467 1462 artifex

262 1489 441 1545 (quem
461 1499 677 1532 mecum
696 1489 924 1545 Augusta
937 1490 1335 1535 Vindelicorum
1354 1491 1409 1534 in
1428 1491 1659 1535 Daniam
1679 1490 1807 1535 olim
1826 1488 2158 1548 receperam)
2176 1489 2335 1544 idque
2353 1491 2468 1533 tam

263 1562 643 1615 competenter,
665 1563 723 1604 ut
741 1561 831 1604 vix
851 1561 1065 1606 similior
1085 1562 1199 1605 dari
1218 1562 1381 1617 possit.
1412 1562 1492 1606 Est
1513 1565 1695 1606 autem
1714 1562 2004 1606 secundum
2023 1560 2278 1605 staturam
2297 1559 2339 1603 ἃ
2358 1572 2469 1605 ma-

268 1631 591 1687 gnitudinem
610 1632 770 1676 totius
791 1633 1031 1688 corporis
1051 1634 1246 1689 aequali
1266 1633 1442 1677 forma
1460 1633 1852 1689 repraesentata.
1881 1632 2051 1688 Supra
2071 1635 2233 1688 caput
2250 1631 2405 1688 juxta
2422 1631 2469 1676 X

268 1703 469 1747 Globus
484 1704 702 1758 quidam
714 1704 1079 1750 Orichalcicus
1092 1705 1365 1749 inauratus
1380 1705 1710 1757 efformatur,
1727 1704 1816 1760 qui
1827 1703 2012 1748 rotulis
2024 1703 2241 1747 interius
2255 1703 2472 1748 solerter

268 1774 531 1830 adaptatis
549 1775 729 1830 sponte
745 1775 1049 1828 revolvitur,
1071 1779 1385 1832 motumque
1399 1776 1648 1820 diurnum
1662 1776 1961 1826 aemulatur,
1981 1775 2024 1819 ἃ
2041 1777 2149 1819 una
2162 1774 2297 1821 Solis
2311 1777 2470 1830 atque

269 1846 435 1889 Lunae
462 1846 675 1890 exhibet
700 1847 969 1891 contraria
995 1848 1259 1908 curricula
1285 1860 1314 1892 e
1338 1848 1473 1893 Polis
1494 1847 1781 1903 Eclipticae:
1810 1847 1946 1892 adeo
1971 1849 2030 1891 ut
2054 1846 2216 1891 etiam
2242 1847 2394 1890 Luna
2419 1846 2471 1890 se

267 1929 373 1960 una
393 1917 681 1961 secundum
705 1918 851 1962 faces
872 1919 1343 1964 &illuminationes
1364 1920 1498 1973 suas,
1525 1931 1617 1964 eas
1644 1919 1885 1976 augendo
1906 1919 1990 1962 vel
2016 1917 2321 1971 minuendo,
2349 1929 2472 1963 con-

267 1991 454 2032 vertat.
483 1989 572 2033 Sol
592 1993 773 2034 autem
792 1990 929 2034 intra
948 1991 1022 2035 24.
1045 1991 1279 2035 Circulos
1298 1991 1545 2036 horarios
1563 1994 1761 2047 praeter
1779 1993 1987 2034 motum
2006 1989 2299 2045 proprium,
2325 1988 2472 2043 circa

267 2060 408 2104 Axes
432 2060 744 2116 AEquatoris
773 2063 927 2106 cursu
956 2062 1144 2107 diurno
1171 2063 1460 2116 revolutus,
1491 2063 1715 2119 lingulas
1743 2061 1847 2106 diei
1874 2061 2038 2106 horas
2065 2073 2174 2105 una
2199 2060 2469 2113 monstrat,

266 2135 381 2176 tum
415 2144 626 2188 quoque
656 2136 868 2189 tempus
901 2137 1047 2178 ortus
1079 2135 1121 2178 ἃ
1153 2135 1374 2179 occasus
1405 2134 1495 2187 sui,
1529 2137 1688 2190 atque
1719 2145 1814 2190 per
1844 2132 2199 2177 meridianum
2226 2131 2471 2187 utrinque

267 2204 525 2248 transitus.
555 2204 674 2248 Hoc
702 2205 1042 2250 artificiosum
1063 2201 1359 2259 αὐτόμαθον
1378 2219 1411 2250 a
1430 2206 1647 2262 meipso
1668 2205 2028 2257 adinventum,
2050 2204 2092 2248 ἃ
2111 2203 2245 2248 meis
2264 2202 2473 2259 sumpti-

269 2275 367 2318 bus
399 2275 770 2328 construcstum,
804 2289 945 2321 anno
978 2278 1193 2322 Domini
1229 2277 1356 2321 1590.
1397 2277 1726 2321 Serenissimo
1756 2276 1994 2332 Principi‚
2031 2275 2264 2320 Domino
2297 2274 2473 2318 CHRI-

268 2346 512 2390 STIANO
538 2350 664 2390 tunc
691 2348 811 2404 Regi
836 2347 1027 2401 Eled'to,
1056 2350 1288 2394 Domino
1314 2361 1438 2393 meo
1459 2347 1879 2400 Clementissimo,
1907 2359 2032 2391 cum
2058 2349 2180 2390 ante
2207 2357 2376 2391 annos
2401 2345 2473 2390 ni-

269 2417 464 2461 mirum
490 2419 517 2460 7
543 2419 688 2462 circa
714 2420 886 2463 aetatis
911 2432 1040 2464 vero
1069 2421 1175 2464 suae
1202 2433 1401 2464 annum
1432 2420 1500 2465 14.
1523 2431 1610 2463 me
1629 2419 1683 2463 in
1703 2419 1875 2463 Insula
1893 2418 2119 2462 Venusia
2137 2417 2470 2474 Vraniburgi,

270 2489 532 2541 adhibitis,
564 2490 742 2534 secum
771 2494 965 2545 praeter
992 2492 1252 2547 reliquam
1284 2491 1627 2536 Nobilitatem
1651 2490 1911 2544 Aulicam,
1941 2490 2109 2534 tribus
2135 2489 2292 2546 Regni
2316 2489 2473 2534 Sena-

268 2561 472 2605 toribus
497 2561 778 2617 primarijs,
808 2563 896 2617 qui
917 2566 1043 2606 tunc
1063 2563 1430 2618 gubernationi
1448 2562 1791 2618 praefuerunt,
1819 2563 2109 2606 clementer
2126 2561 2346 2605 invisere
2365 2572 2474 2606 non

270 2633 341 2676 est
367 2633 691 2688 dedignatus,
720 2633 958 2678 submisse
978 2635 1120 2678 dono
1142 2635 1282 2687 dedi;
1312 2635 1456 2690 quod
1481 2634 1773 2678 etiamnum
1794 2633 2087 2678 conservat.
2114 2631 2473 2677 Serenissimus

273 2708 454 2749 autem
474 2705 581 2747 Rex
601 2704 820 2757 Electus,
848 2717 935 2749 me
955 2705 1172 2749 vicissim
1191 2709 1381 2761 torque
1401 2708 1580 2758 aurea,
1608 2705 1860 2760 peculiari
1883 2704 2124 2757 artificio,
2153 2705 2367 2760 qualem
2393 2715 2475 2760 ge-

273 2777 406 2820 stare
419 2779 545 2820 tunc
560 2776 775 2828 solebat,
797 2777 1017 2831 pulchre
1032 2777 1306 2821 elaborata
1321 2777 1362 2820 ἃ
1376 2777 1467 2820 sua
1481 2776 1652 2832 effigie
1667 2776 1922 2821 decorata
1935 2777 2226 2820 clementer
2238 2774 2470 2819 donavit.

273 2849 443 2903 Supra
463 2848 633 2903 ipsum
654 2848 900 2900 Globum,
923 2849 988 2892 de
1009 2860 1114 2903 quo
1134 2861 1275 2893 nunc
1296 2848 1540 2901 diximus,
1569 2847 1711 2903 apud
1730 2847 1939 2892 literam
1958 2847 2005 2891 V
2025 2847 2365 2892 Bibliothecae
2383 2857 2474 2891 no·

274 2920 390 2963 strae
413 2920 589 2974 aliqua
608 2931 731 2974 pars
751 2920 1172 2974 repraesentatur.
1200 2920 1282 2963 Ad
1301 2920 1348 2962 Y
1366 2931 1497 2963 vero
1518 2920 1559 2963 &
1579 2920 1616 2962 Ζ
1637 2919 1937 2974 appendent
1956 2919 2096 2963 binae
2116 2918 2316 2974 effigies
2337 2917 2474 2961 intra

273 2991 561 3035 rotundum
590 2990 850 3034 ambitum
880 2991 1039 3035 solide
1068 2991 1386 3043 efformatae,
1418 3002 1647 3045 quarum
1671 3003 1779 3034 una
1804 2990 1876 3035 est
1901 2989 2197 3035 serenissimi
2225 2990 2267 3033 ἃ
2295 2991 2475 3044 poten-

272 3061 443 3105 tissimi
467 3062 602 3106 illius
628 3062 774 3117 Regis
795 3063 1072 3106 Danorum
1093 3061 1339 3106 Friderici
1364 3062 1410 3105 ΙΙ
1435 3061 1800 3106 laudatissimae
1826 3061 2125 3106 memoriae:
2153 3062 2320 3105 altera
2347 3060 2475 3104 sere-

274 3133 489 3177 nissimae
519 3133 725 3188 Reginae
755 3133 984 3188 Sophiae,
1016 3133 1128 3177 eius
1157 3132 1391 3189 conjugis
1420 3133 1784 3186 Illustrissimae,
1818 3133 1907 3188 qui
1935 3145 2023 3178 me
2051 3144 2280 3188 meaque
2309 3131 2474 3176 studia

275 3204 430 3259 Regio
446 3204 487 3246 81
501 3204 749 3248 clementi
768 3204 953 3249 favore
975 3205 1179 3259 semper
1197 3204 1459 3259 prosecuti
1480 3204 1608 3248 sunt.
1629 3205 1791 3248 Porro
1806 3216 1929 3259 quae
1941 3204 1995 3248 in
2007 3203 2255 3249 interiore
2270 3201 2475 3260 pic'tura

276 3278 575 3327 cernuntur,
603 3275 775 3330 primo
798 3275 1030 3330 superius
1050 3276 1201 3331 juxta
1215 3286 1474 3330 ,numeros
1498 3275 1516 3318 l
1540 3275 1568 3318 2
1587 3275 1616 3319 3
1634 3275 1679 3319 4.
1702 3275 1816 3319 sunt
1835 3275 2012 3330 aliqua
2032 3286 2100 3319 ex
2118 3273 2475 3319 Instrumentis

276 3346 408 3388 meis
434 3346 578 3389 isthic
606 3345 825 3401 depicta.
858 3347 1060 3390 Deinde
1089 3346 1227 3389 infra
1255 3346 1395 3389 hanc
1422 3346 1870 3402 contignationem
1897 3346 2156 3390 Musaeum
2181 3345 2472 3390 exhibetur.

2363 3418 2476 3471 Vbi

2517 1066 2561 1102 10

2520 1421 2563 1457 1⁵

2518 1777 2565 1813 20

2520 2134 2567 2171 2⁵

2520 2490 2568 2527 ³0

2521 2847 2569 2884 3⁵

2522 3204 2570 3240 40
