2638 3952
264 289 333 342 66
474 288 1085 342 ASTRONOMIAE
1112 288 1678 342 INSTAURATAE
1705 290 2254 344 MECHANICA

263 429 397 472 duos
425 440 623 480 ramos,
655 440 884 483 quorum
915 428 1128 483 quilibet
1157 441 1367 484 magnae
1394 430 1662 473 columnae
1687 430 1839 473 tereti
1865 441 1893 473 e
1920 430 2083 474 solido
2110 430 2235 474 saxo
2262 430 2466 474 fortiter

263 505 505 561 affigitur.
529 506 729 549 Distant
749 508 930 556 autem
950 506 1037 549 hae
1058 506 1326 550 columnae
1345 509 1552 550 tantum
1568 507 1635 550 ab
1651 505 1894 560 invicem,
1915 510 1973 550 ut
1987 508 2209 564 januam
2229 507 2466 563 ingressui

264 584 332 626 ad
358 583 765 627 Instrumentum
794 583 1090 638 praebeant:
1122 583 1163 626 δι
1192 583 1492 627 indicantur
1518 595 1615 639 per
1641 583 1695 626 M
1723 584 1763 626 8ι
1791 584 1849 627 L.
1881 583 2131 638 Superius
2153 585 2305 640 Juxta
2332 585 2369 628 C
2395 584 2466 628 est

263 660 508 712 Cochlea,
537 672 658 715 quae
683 660 1037 703 transversum
1064 660 1168 715 agit
1194 660 1395 704 ferrum
1422 661 1507 704 cui
1531 660 1676 704 isthic
1703 661 1960 704 incumbit
1985 649 2127 714 Axis,
2154 664 2212 704 ut
2236 661 2280 705 is
2305 662 2465 716 plano

263 737 541 781 Meridiani
561 738 986 793 correspondeat.
1013 738 1281 781 Attollitur
1300 738 1461 781 etiam
1482 738 1586 781 alia
1605 738 1811 781 ratione
1829 741 1944 781 tam
1969 738 2041 781 ibi
2061 750 2226 793 quam
2250 738 2465 782 inferius

256 815 407 871 juxta
428 815 491 867 D,
520 816 560 858 81
587 819 835 859 movetur
852 815 1125 867 tenaciter,
1154 815 1324 859 donec
1345 815 1446 858 Axi
1465 815 1650 858 Mundi
1676 814 1991 859 exactissime
2017 816 2350 871 respondeat3
2379 816 2467 860 fic-

263 904 364 947 que
383 892 642 936 firmatur.
659 893 838 936 Altera
859 892 1258 936 semicircularis
1270 893 1493 935 Armilla
1506 904 1601 948 per
1615 892 1659 936 O
1674 893 1853 936 literas
1869 892 2186 948 intelligitur3
2210 905 2330 948 quae
2345 892 2465 938 octo

262 970 579 1013 columnulis
607 969 825 1024 lapideis
855 980 950 1025 per
973 970 1008 1012 P
1032 969 1275 1013 indicatis
1301 970 1370 1013 ad
1395 971 1615 1024 planum
1641 970 1954 1025 AEquatoris
1979 970 2201 1014 immote
2226 970 2468 1014 sustenta-

260 1050 361 1099 tur,
391 1047 648 1091 tenaculis
676 1046 898 1091 totidem
928 1046 1111 1090 ferreis
1134 1047 1288 1102 Juxta
1314 1046 1358 1099 Q
1386 1046 1735 1099 existentibus,
1767 1059 1888 1102 quae
1915 1059 2036 1090 eam
2065 1047 2138 1090 ita
2164 1047 2465 1100 cohibeant,

261 1124 604 1179 dirigantque,
636 1124 806 1168 donec
834 1124 875 1166 ἃ
901 1122 1086 1167 exacte
1113 1124 1499 1167 semicirculum
1526 1124 1670 1168 circa
1697 1125 1935 1168 medium
1961 1124 2087 1168 Axis
2114 1125 2394 1179 designent,
2425 1124 2466 1167 81

260 1202 468 1257 insuper
494 1201 781 1245 secundum
807 1201 1119 1256 AEquatoris
1147 1201 1418 1256 planitiem
1445 1202 1549 1245 sese
1578 1201 1876 1245 constanter
1903 1201 2165 1245 inclinent.
2197 1201 2277 1246 Est
2305 1201 2466 1245 etiam

260 1279 599 1334 undiquaque
626 1277 910 1322 Orichalco
936 1279 1135 1330 induta,
1164 1279 1205 1322 81
1230 1278 1283 1321 in
1310 1279 1572 1322 diametro
1599 1278 1763 1322 habet
1786 1278 1828 1322 9.
1858 1278 2085 1322 cubitos:
2118 1279 2349 1333 Ideoque
2375 1279 2468 1322 mi-

260 1355 643 1400 nutissimarum
664 1355 1071 1400 subdivisionum
1092 1356 1254 1399 etiam
1273 1357 1391 1411 plus
1412 1368 1574 1411 quam
1594 1356 1704 1410 ipsa
1723 1356 1944 1399 Armilla
1965 1367 2153 1411 capax.
2182 1355 2262 1399 Est
2285 1359 2467 1400 autem

261 1433 328 1477 ob
355 1433 408 1477 id
434 1433 643 1477 duobus
670 1433 857 1477 cubitis
884 1432 1285 1477 semicircularis
1311 1433 1447 1486 haec,
1476 1433 1705 1488 amplior
1729 1433 1843 1488 ipsa
1869 1433 2070 1489 integra
2096 1433 2331 1486 Armilla‚
2360 1444 2466 1488 quo

259 1511 394 1554 inter
418 1514 670 1565 utrasque
696 1511 983 1554 commode
1008 1511 1214 1553 transiri
1239 1510 1407 1565 possit:
1435 1514 1594 1566 prout
1620 1522 1754 1565 opus
1780 1510 1871 1555 est:
1900 1511 1960 1554 Et
1985 1522 2081 1566 per
2105 1510 2289 1555 Scalas
2316 1514 2466 1555 extra

259 1588 537 1631 Armillam
566 1587 803 1643 lapideas
831 1587 972 1644 (quae
1001 1587 1087 1630 hic
1118 1599 1226 1631 non
1255 1588 1640 1646 exprimuntur)
1670 1588 1717 1631 N
1747 1587 2044 1631 ascenditur
2069 1588 2110 1630 81
2137 1588 2468 1631 descenditur

260 1665 549 1709 secundum
571 1663 787 1708 ductum
807 1664 962 1720 ipsius
982 1664 1235 1717 Armillae,
1263 1668 1321 1707 ut
1341 1666 1527 1709 oculus
1548 1665 1915 1709 observatoris
1936 1665 1983 1708 ei
2004 1666 2359 1709 accommode
2379 1677 2467 1720 ap-

259 1743 496 1798 plicetur.
525 1742 746 1786 Interius
772 1753 901 1785 vero
928 1742 1047 1786 aliae
1074 1742 1189 1785 sunt
1214 1742 1385 1786 Scalae
1411 1743 1657 1786 rotundae
1683 1754 1779 1797 per
1802 1742 1841 1785 T
1866 1743 2044 1786 literas
2070 1742 2333 1795 indicatae,
2362 1742 2469 1797 qui-

261 1820 359 1863 bus
390 1820 458 1863 ad
487 1819 746 1874 integram
771 1819 1050 1862 Armillam
1078 1819 1214 1862 inter
1242 1819 1633 1863 observandum
1663 1819 1998 1863 adscenditur
2024 1820 2108 1863 vel
2139 1819 2468 1864 descenditur

260 1897 694 1951 circumquaque,
715 1899 874 1951 prout
894 1896 1071 1940 sideris
1092 1896 1379 1940 denotandi
1399 1896 1617 1951 requirit
1637 1896 1791 1940 altior
1810 1897 1851 1939 81
1873 1896 2127 1940 declivior
2147 1897 2283 1940 fitus.
2313 1897 2466 1941 quta

258 1977 520 2028 utranque
552 1974 762 2017 literam
792 1973 839 2016 N
869 1976 1091 2029 apparet
1123 1985 1323 2025 murus,
1358 1974 1447 2028 qui
1475 1973 1827 2018 circumcirca
1857 1977 2030 2017 totum
2060 1973 2467 2018 Instrumentum

260 2051 515 2102 ambiens,
536 2051 849 2095 turriculam
865 2051 1137 2105 quandam
1151 2051 1191 2093 81
1207 2051 1584 2106 semicryptam
1605 2051 1783 2103 efficit,
1803 2054 1975 2095 totam
1995 2051 2135 2095 hanc
2156 2051 2467 2095 machinam

259 2128 679 2180 circundantem,
715 2140 836 2183 quae
866 2128 1099 2183 superius
1127 2127 1327 2171 tectum
1355 2128 1534 2181 habet,
1569 2129 1712 2183 quod
1742 2130 1955 2183 quaqua
1983 2128 2195 2172 versum
2224 2129 2465 2181 lubuerit,

258 2206 393 2249 inter
413 2205 805 2249 observandum
832 2205 1024 2260 aperiri
1047 2206 1088 2249 8ι
1112 2206 1288 2249 claudi
1312 2205 1492 2261 postea
1518 2205 1700 2261 potest,
1727 2208 1785 2249 ut
1809 2205 2047 2261 preciosa
2073 2205 2192 2250 haec
2215 2206 2467 2251 Machina

260 2283 327 2326 ab
349 2283 486 2326 aeris
507 2282 818 2326 &imbrium
837 2282 1025 2339 injuria
1044 2285 1159 2326 tuta
1180 2283 1252 2326 fit.

332 2359 505 2403 USUS
536 2359 646 2415 eJus
676 2359 747 2403 est
775 2363 833 2403 ut
860 2360 913 2403 in
941 2360 1171 2404 Volubili
1198 2360 1418 2403 Armilla
1448 2360 1716 2412 Circulari,
1751 2360 2142 2404 Declinationes
2173 2361 2465 2416 capiantur,

260 2437 528 2480 movendo
551 2436 800 2491 Dioptras
821 2437 890 2480 ad
911 2437 962 2489 F,
985 2438 1024 2480 81
1046 2437 1184 2480 fidus
1205 2437 1527 2481 collimando
1548 2437 1791 2491 utrinque
1805 2437 1957 2493 Juxta
1978 2437 2287 2492 Cylindrum
2307 2438 2359 2481 E.
2382 2437 2466 2482 Sic

261 2514 402 2557 enim
423 2514 565 2568 apud
583 2514 620 2556 E
637 2517 950 2557 numeratur
964 2514 1181 2568 quaefita
1196 2513 1507 2558 Declinatio.
1531 2514 1695 2568 quue
1709 2514 1875 2569 potest
1889 2514 2165 2569 dupliciter
2177 2515 2308 2567 fieri,
2329 2517 2468 2558 utra-

261 2602 362 2644 que
383 2589 634 2633 nimirum
655 2590 884 2645 dioptra;
908 2592 1279 2635 convolvendo
1293 2591 1589 2642 Armillam,
1611 2594 1669 2634 ut
1689 2592 1856 2634 altera
1877 2592 2039 2635 etiam
2058 2603 2184 2647 pars
2205 2592 2361 2636 oculo
2380 2592 2468 2635 ad-

260 2670 562 2711 moveatur:
593 2668 767 2722 ficque
793 2667 1026 2723 ejusdem
1046 2667 1239 2711 Sideris
1266 2668 1345 2711 bis
1372 2670 1680 2723 exploratur
1699 2668 2015 2712 Declinatio:
2045 2680 2166 2723 quae
2186 2668 2466 2723 utrobique

261 2744 452 2788 eadem
473 2743 572 2788 esse
593 2745 763 2788 debet.
787 2745 846 2788 In
866 2745 1032 2788 altera
1055 2745 1443 2798 semicirculari,
1466 2748 1786 2789 moveantur
1805 2746 1917 2801 eJ'us
1936 2745 2397 2802 pinnacidiaJuxta
2411 2746 2464 2798 R,

260 2822 431 2865 donec
445 2821 655 2865 Astrum
676 2822 1067 2866 observandum
1086 2834 1182 2877 per
1201 2822 1312 2878 eJus
1332 2822 1552 2866 rimulas
1573 2823 1716 2866 circa
1733 2822 1904 2865 Axem
1920 2822 1958 2865 B
1970 2822 2215 2877 utrinque
2235 2822 2467 2877 dispicia-

259 2901 358 2941 tur.
378 2897 522 2941 Tunc
543 2898 685 2942 enim
704 2899 874 2955 ipsum
893 2898 1253 2954 pinnacidium
1274 2899 1571 2943 distantiam
1592 2900 1703 2956 ejus
1724 2912 1756 2943 a
1778 2899 2072 2943 Meridiano
2087 2899 2466 2954 AEquatoriam

259 2975 312 3018 in
344 2975 533 3018 eadem
560 2975 936 3020 semicirculari
958 2976 1196 3028 Armilla,
1232 2977 1336 3019 sive
1361 2976 1541 3019 versus
1569 2980 1747 3020 ortum
1774 2977 1878 3020 five
1905 2976 2155 3020 occasum
2186 2988 2466 3020 numeran-

260 3052 388 3095 dam
417 3052 686 3096 monstrat.
718 3052 961 3107 Hincque
988 3053 1246 3108 temporis
1274 3056 1608 3097 momentum
1635 3065 1702 3096 ex
1730 3056 1857 3097 noto
1888 3053 2081 3097 Sideris
2111 3053 2152 3096 ἃ
2181 3053 2315 3097 Solis
2343 3054 2464 3097 loco

260 3127 575 3172 exac‘tissime
596 3130 725 3173 sciri.
748 3130 837 3173 Sin
856 3141 986 3174 vero
1003 3130 1245 3174 Ascenfio
1273 3128 1428 3174 Recsta
1449 3130 1670 3186 alicujus
1690 3130 1883 3174 Sideris
1902 3130 2214 3185 inquirenda
2234 3130 2307 3182 fit,
2328 3142 2464 3174 unus

261 3205 570 3249 observator
602 3206 816 3261 aliquod
849 3218 916 3250 ex
946 3206 1258 3263 pinnacidijs
1291 3208 1359 3251 fic
1391 3207 1444 3250 in
1477 3207 1677 3251 stellam
1710 3206 1911 3262 dirigat,
1952 3218 2074 3262 quae
2105 3206 2245 3250 hanc
2277 3209 2464 3251 notam

260 3281 477 3326 habeat:
511 3282 657 3326 Alter
684 3295 813 3327 vero
843 3283 1104 3339 reliquum
1135 3284 1497 3339 pinnacidium
1528 3283 1727 3339 pariter
1753 3284 1806 3327 in
1835 3283 2012 3336 aliam,
2044 3283 2193 3339 cujus
2220 3283 2463 3327 Ascenfio

260 3357 403 3402 recsta
436 3359 711 3413 quaeritur:
752 3360 824 3403 ita
855 3363 913 3403 ut
945 3360 1123 3404 ambae
1157 3361 1315 3404 stellae
1348 3360 1539 3405 eodem
1578 3360 1789 3415 prorsus
1821 3360 2026 3404 instanti
2058 3360 2202 3404 circa
2234 3361 2462 3404 eundem

2269 3439 2461 3492 Axem

2519 1130 2562 1165 10

2519 1517 2562 1552 15

2515 1902 2562 1938 20

2515 2289 2562 2325 25

2513 3059 2560 3095 35
