2638 3952
388 312 1000 367 ASTRONOMIAE
1026 311 1593 365 INSTAURATAE
1619 313 2170 367 MECHANICA
2313 313 2380 366 63

178 452 360 498 cissimi
388 453 498 505 lint,
529 452 618 507 qui
646 452 787 496 hisce
816 451 994 495 arduis
1023 451 1303 507 disciplinis
1329 452 1370 494 ἃ
1395 452 1657 508 exercitijs
1687 456 2029 507 occupentur,
2061 453 2102 495 ἃ
2130 452 2382 496 rarissime

178 530 313 574 inter
342 530 600 582 Politicos,
634 530 722 584 qui
755 528 1072 584 Reipublicae
1104 528 1540 572 administrationi
1570 529 1785 584 praeesse
1815 530 2014 582 volunt,
2050 529 2384 572 inveniantur

180 606 354 662 aliqui,
383 606 472 661 qui
496 606 578 650 his
597 606 837 661 impense
857 604 1195 658 demetentur,
1223 617 1392 661 eaque
1413 605 1596 650 fovere
1616 606 1657 648 81
1677 605 1958 650 sustentare
1978 606 2273 650 consultum
2294 607 2384 649 du-

180 686 325 736 cant3
354 683 441 727 sed
460 684 614 739 longe
633 684 826 738 plures,
854 683 943 738 qui
962 695 1027 727 ea
1048 683 1116 727 ob
1136 683 1490 738 ignorantiam
1510 683 1834 735 aversantur,
1860 687 2019 738 atque
2037 683 2238 726 inutilia
2257 683 2384 727 aesti-

108 770 130 805 5
179 763 350 812 mant3
383 771 491 805 non
520 763 730 816 oportet
757 759 965 804 Divinae
993 759 1343 804 Astronomiae
1374 760 1650 804 alumnum
1677 760 1871 804 talibus
1898 760 2153 815 imperitis
2175 760 2384 816 Judioijs

181 837 472 882 obnoxium
493 837 608 888 esse‚
632 837 719 880 sed
739 848 803 880 ea
823 849 891 882 ex
910 838 1018 882 alto
1038 837 1314 893 negligere,
1334 837 1376 880 ἃ
1396 837 1524 881 nihil
1544 837 1702 881 satius
1723 837 2034 890 existimare,
2062 849 2225 892 quam
2244 837 2384 881 hisce

179 914 449 970 invigilare
475 914 665 970 studijs‚
697 914 929 969 nihilque
954 915 1181 958 aliorum
1206 914 1412 958 moveri
1437 914 1937 969 importunitatibus.
1966 914 2204 969 Cumque
2228 914 2385 958 nimis

180 992 294 1036 sunt
313 991 530 1044 molesti,
552 992 656 1035 five
675 991 874 1036 Politici
893 991 997 1035 five
1018 992 1119 1048 alij.
1142 991 1192 1035 se
1213 991 1409 1046 suaque
1430 991 1534 1035 alio
1553 991 1863 1036 transferre:
1890 992 2026 1036 adeo
2045 994 2104 1034 ut
2122 1003 2189 1035 ne
2209 992 2385 1035 natale

103 1079 132 1122 -ι-
181 1069 395 1124 quidem
417 1069 600 1120 solum,
623 1069 767 1123 quod
787 1068 1064 1112 dulcedine
1084 1067 1304 1112 cuncstos
1325 1068 1499 1120 allicit,
1520 1068 1898 1112 immemorem
1918 1080 2016 1112 nec
2038 1069 2151 1111 finit
2169 1067 2270 1112 esse'
2289 1068 2383 1120 sui;

89 1157 132 1192 10
178 1146 319 1190 hisce
333 1145 636 1190 Coelestibus
650 1146 691 1188 ἃ
706 1145 1010 1189 sublimibus
1031 1146 1187 1198 curis,
1210 1157 1332 1200 quae
1352 1145 1765 1189 immortalitatis
1778 1145 1989 1201 vestigia
2008 1158 2121 1201 prae
2143 1146 2193 1189 se
2212 1145 2386 1189 ferunt

180 1226 502 1279 anteponere
534 1223 743 1267 deceat:
778 1223 866 1266 sed
897 1222 1154 1267 constanti
1182 1223 1224 1266 δι
1252 1223 1608 1277 perseveranti
1638 1222 1819 1267 animo
1853 1223 2058 1278 semper
2085 1223 2138 1266 in
2168 1234 2385 1267 ornnem

179 1311 359 1344 rerum
380 1303 631 1344 eventum
651 1300 829 1344 secum
850 1299 1099 1356 cogitare,
1122 1300 1266 1354 quod

103 1431 132 1474 ιχ-
558 1418 808 1473 Vndique
830 1420 971 1462 terra
991 1417 1149 1471 infra,
1175 1417 1383 1462 Coelum
1401 1419 1560 1473 patet
1579 1417 1816 1474 undique
1835 1417 2010 1473 supra,

758 1495 831 1539 Et
842 1494 1023 1550 patria
1043 1493 1119 1538 est
1137 1494 1262 1539 forti
1280 1494 1541 1550 quaelibet
1557 1506 1651 1540 ora
1674 1494 1804 1539 vito.

2004 3422 2386 3508 ARMILLAE
