<?xml version="1.0" encoding="UTF-8"?>
<!DOCTYPE html PUBLIC "-//W3C//DTD XHTML 1.0 Transitional//EN"
    "http://www.w3.org/TR/xhtml1/DTD/xhtml1-transitional.dtd">
<html xmlns="http://www.w3.org/1999/xhtml" xml:lang="en" lang="en">
 <head>
  <title>
</title>
<meta http-equiv="Content-Type" content="text/html;charset=utf-8" />
  <meta name='ocr-system' content='tesseract 3.04.00' />
  <meta name='ocr-capabilities' content='ocr_page ocr_carea ocr_par ocr_line ocrx_word'/>
</head>
<body>
  <div class='ocr_page' id='page_1' title='image "./operaomniaedidit05brahuoft_0092.png"; bbox 0 0 2638 3952; ppageno 0'>
   <div class='ocr_carea' id='block_1_1' title="bbox 268 244 2260 335">
    <p class='ocr_par' dir='ltr' id='par_1_1' title="bbox 268 244 2260 335">
     <span class='ocr_line' id='line_1_1' title="bbox 268 244 2260 335; baseline -0.001 0"><span class='ocrx_word' id='word_1_1' title='bbox 268 284 337 335; x_wconf 90' lang='lat'>78</span> <span class='ocrx_word' id='word_1_2' title='bbox 482 281 1090 335; x_wconf 88' lang='lat' dir='ltr'>ASTRONOMIAE</span> <span class='ocrx_word' id='word_1_3' title='bbox 1117 244 1685 334; x_wconf 76' lang='lat' dir='ltr'><strong>INSTAURATAE</strong></span> <span class='ocrx_word' id='word_1_4' title='bbox 1711 281 2260 334; x_wconf 89' lang='lat' dir='ltr'>MECHANICA</span> 
     </span>
    </p>
   </div>
   <div class='ocr_carea' id='block_1_2' title="bbox 261 420 2472 1327">
    <p class='ocr_par' dir='ltr' id='par_1_2' title="bbox 261 420 2472 1327">
     <span class='ocr_line' id='line_1_2' title="bbox 267 420 2471 477; baseline -0 -11"><span class='ocrx_word' id='word_1_5' title='bbox 267 424 489 466; x_wconf 90' lang='lat' dir='ltr'>sextans.</span> <span class='ocrx_word' id='word_1_6' title='bbox 511 422 747 477; x_wconf 91' lang='lat' dir='ltr'>Vtraque</span> <span class='ocrx_word' id='word_1_7' title='bbox 767 434 896 466; x_wconf 92' lang='lat' dir='ltr'>vero</span> <span class='ocrx_word' id='word_1_8' title='bbox 916 422 1035 466; x_wconf 88' lang='lat' dir='ltr'>haec</span> <span class='ocrx_word' id='word_1_9' title='bbox 1057 421 1281 466; x_wconf 86' lang='lat' dir='ltr'>cochlea</span> <span class='ocrx_word' id='word_1_10' title='bbox 1301 432 1330 465; x_wconf 92' lang='lat' dir='ltr'>e</span> <span class='ocrx_word' id='word_1_11' title='bbox 1351 420 1514 465; x_wconf 92' lang='lat' dir='ltr'>solido</span> <span class='ocrx_word' id='word_1_12' title='bbox 1536 420 1660 464; x_wconf 84' lang='lat' dir='ltr'>ferri</span> <span class='ocrx_word' id='word_1_13' title='bbox 1685 421 1918 473; x_wconf 92' lang='lat' dir='ltr'>metallo,</span> <span class='ocrx_word' id='word_1_14' title='bbox 1948 421 2406 475; x_wconf 86' lang='lat' dir='ltr'>quemadmodum</span> <span class='ocrx_word' id='word_1_15' title='bbox 2430 423 2471 465; x_wconf 72' lang='grc' dir='ltr'>ἃ</span> 
     </span>
     <span class='ocr_line' id='line_1_3' title="bbox 263 497 2470 554; baseline 0 -11"><span class='ocrx_word' id='word_1_16' title='bbox 263 503 376 543; x_wconf 92' lang='lat' dir='ltr'>tota</span> <span class='ocrx_word' id='word_1_17' title='bbox 392 499 625 554; x_wconf 83' lang='lat' dir='ltr'>superior</span> <span class='ocrx_word' id='word_1_18' title='bbox 644 499 797 543; x_wconf 88' lang='lat' dir='ltr'>fulcri</span> <span class='ocrx_word' id='word_1_19' title='bbox 817 511 957 554; x_wconf 83' lang='lat' dir='ltr'>parS,</span> <span class='ocrx_word' id='word_1_20' title='bbox 981 499 1196 543; x_wconf 85' lang='lat' dir='ltr'>constat.</span> <span class='ocrx_word' id='word_1_21' title='bbox 1212 498 1370 542; x_wconf 90' lang='lat' dir='ltr'>Teres</span> <span class='ocrx_word' id='word_1_22' title='bbox 1383 509 1512 541; x_wconf 92' lang='lat' dir='ltr'>vero</span> <span class='ocrx_word' id='word_1_23' title='bbox 1531 497 1733 541; x_wconf 80' lang='lat' dir='ltr'>sermm</span> <span class='ocrx_word' id='word_1_24' title='bbox 1748 497 1846 540; x_wconf 90' lang='grc' dir='ltr'>ΗΟ</span> <span class='ocrx_word' id='word_1_25' title='bbox 1864 497 2081 541; x_wconf 92' lang='lat' dir='ltr'>interius</span> <span class='ocrx_word' id='word_1_26' title='bbox 2095 509 2307 550; x_wconf 92' lang='lat' dir='ltr'>cavum,</span> <span class='ocrx_word' id='word_1_27' title='bbox 2327 498 2470 543; x_wconf 91' lang='lat' dir='ltr'>circa</span> 
     </span>
     <span class='ocr_line' id='line_1_4' title="bbox 265 574 2472 636; baseline 0 -16"><span class='ocrx_word' id='word_1_28' title='bbox 265 577 429 620; x_wconf 92' lang='lat' dir='ltr'>alium</span> <span class='ocrx_word' id='word_1_29' title='bbox 450 577 737 632; x_wconf 92' lang='lat' dir='ltr'>oblongum</span> <span class='ocrx_word' id='word_1_30' title='bbox 757 577 930 620; x_wconf 91' lang='lat' dir='ltr'>Axem</span> <span class='ocrx_word' id='word_1_31' title='bbox 954 576 1045 631; x_wconf 84' lang='lat' dir='ltr'>ipli</span> <span class='ocrx_word' id='word_1_32' title='bbox 1072 576 1311 620; x_wconf 84' lang='lat' dir='ltr'>cochleae</span> <span class='ocrx_word' id='word_1_33' title='bbox 1333 575 1394 628; x_wconf 91' lang='lat' dir='ltr'>Q,</span> <span class='ocrx_word' id='word_1_34' title='bbox 1421 574 1826 619; x_wconf 91' lang='lat' dir='ltr'>intermediante</span> <span class='ocrx_word' id='word_1_35' title='bbox 1851 574 2048 618; x_wconf 89' lang='lat' dir='ltr'>ibidem</span> <span class='ocrx_word' id='word_1_36' title='bbox 2075 578 2364 636; x_wconf 81' lang='lat' dir='ltr'>apparente</span> <span class='ocrx_word' id='word_1_37' title='bbox 2388 587 2472 620; x_wconf 89' lang='lat' dir='ltr'>ca-</span> 
     </span>
     <span class='ocr_line' id='line_1_5' title="bbox 263 651 2470 710; baseline -0.001 -13"><span class='ocrx_word' id='word_1_38' title='bbox 263 654 441 710; x_wconf 89' lang='lat' dir='ltr'>pitello</span> <span class='ocrx_word' id='word_1_39' title='bbox 469 654 794 709; x_wconf 91' lang='lat' dir='ltr'>copulatum,</span> <span class='ocrx_word' id='word_1_40' title='bbox 824 653 1173 706; x_wconf 87' lang='lat' dir='ltr'>convolvitur,</span> <span class='ocrx_word' id='word_1_41' title='bbox 1201 656 1259 696; x_wconf 89' lang='lat' dir='ltr'>ut</span> <span class='ocrx_word' id='word_1_42' title='bbox 1283 664 1381 708; x_wconf 94' lang='lat' dir='ltr'>pro</span> <span class='ocrx_word' id='word_1_43' title='bbox 1407 652 1573 696; x_wconf 91' lang='lat' dir='ltr'>lubito</span> <span class='ocrx_word' id='word_1_44' title='bbox 1598 652 1884 695; x_wconf 84' lang='lat' dir='ltr'>immotum</span> <span class='ocrx_word' id='word_1_45' title='bbox 1910 663 2005 707; x_wconf 92' lang='lat' dir='ltr'>per</span> <span class='ocrx_word' id='word_1_46' title='bbox 2030 651 2312 696; x_wconf 86' lang='lat' dir='ltr'>cochleam</span> <span class='ocrx_word' id='word_1_47' title='bbox 2335 653 2405 696; x_wconf 93' lang='lat' dir='ltr'>ad</span> <span class='ocrx_word' id='word_1_48' title='bbox 2424 652 2470 696; x_wconf 90' lang='grc' dir='ltr'>Ο</span> 
     </span>
     <span class='ocr_line' id='line_1_6' title="bbox 263 729 2470 787; baseline -0 -12"><span class='ocrx_word' id='word_1_49' title='bbox 263 732 468 787; x_wconf 88' lang='lat' dir='ltr'>figatur.</span> <span class='ocrx_word' id='word_1_50' title='bbox 499 731 578 775; x_wconf 89' lang='lat' dir='ltr'>Est</span> <span class='ocrx_word' id='word_1_51' title='bbox 605 734 786 775; x_wconf 92' lang='lat' dir='ltr'>autem</span> <span class='ocrx_word' id='word_1_52' title='bbox 811 731 915 775; x_wconf 92' lang='lat' dir='ltr'>hoc</span> <span class='ocrx_word' id='word_1_53' title='bbox 941 731 1111 786; x_wconf 87' lang='lat' dir='ltr'>ipsum</span> <span class='ocrx_word' id='word_1_54' title='bbox 1135 733 1275 775; x_wconf 91' lang='lat' dir='ltr'>teres</span> <span class='ocrx_word' id='word_1_55' title='bbox 1301 730 1502 774; x_wconf 91' lang='lat' dir='ltr'>ferrum</span> <span class='ocrx_word' id='word_1_56' title='bbox 1529 729 1762 785; x_wconf 89' lang='lat' dir='ltr'>superius</span> <span class='ocrx_word' id='word_1_57' title='bbox 1789 729 2200 785; x_wconf 89' lang='lat' dir='ltr'>quadrangulari</span> <span class='ocrx_word' id='word_1_58' title='bbox 2225 729 2470 785; x_wconf 91' lang='lat' dir='ltr'>capitello</span> 
     </span>
     <span class='ocr_line' id='line_1_7' title="bbox 262 805 2469 865; baseline -0.001 -12"><span class='ocrx_word' id='word_1_59' title='bbox 262 809 573 865; x_wconf 78' lang='lat' dir='ltr'>insignitum,</span> <span class='ocrx_word' id='word_1_60' title='bbox 596 820 625 852; x_wconf 92' lang='lat' dir='ltr'>e</span> <span class='ocrx_word' id='word_1_61' title='bbox 646 819 751 863; x_wconf 94' lang='lat' dir='ltr'>quo</span> <span class='ocrx_word' id='word_1_62' title='bbox 773 819 910 863; x_wconf 87' lang='lat' dir='ltr'>apex</span> <span class='ocrx_word' id='word_1_63' title='bbox 931 808 1148 862; x_wconf 92' lang='lat' dir='ltr'>quidam</span> <span class='ocrx_word' id='word_1_64' title='bbox 1169 808 1447 864; x_wconf 91' lang='lat' dir='ltr'>egreditur,</span> <span class='ocrx_word' id='word_1_65' title='bbox 1470 807 1555 851; x_wconf 92' lang='lat' dir='ltr'>cui</span> <span class='ocrx_word' id='word_1_66' title='bbox 1576 806 1718 850; x_wconf 92' lang='lat' dir='ltr'>aliud</span> <span class='ocrx_word' id='word_1_67' title='bbox 1737 807 1955 862; x_wconf 90' lang='lat' dir='ltr'>longum</span> <span class='ocrx_word' id='word_1_68' title='bbox 1972 805 2173 850; x_wconf 81' lang='lat' dir='ltr'>sermm</span> <span class='ocrx_word' id='word_1_69' title='bbox 2185 806 2347 851; x_wconf 90' lang='lat' dir='ltr'>literis</span> <span class='ocrx_word' id='word_1_70' title='bbox 2362 807 2469 850; x_wconf 90' lang='lat' dir='ltr'>LM</span> 
     </span>
     <span class='ocr_line' id='line_1_8' title="bbox 264 883 2472 940; baseline -0.001 -10"><span class='ocrx_word' id='word_1_71' title='bbox 264 886 407 931; x_wconf 85' lang='lat' dir='ltr'>osten</span> <span class='ocrx_word' id='word_1_72' title='bbox 415 887 523 930; x_wconf 91' lang='lat' dir='ltr'>sum</span> <span class='ocrx_word' id='word_1_73' title='bbox 545 886 800 938; x_wconf 67' lang='lat' dir='ltr'>adhaeret,</span> <span class='ocrx_word' id='word_1_74' title='bbox 823 886 966 940; x_wconf 91' lang='lat' dir='ltr'>quod</span> <span class='ocrx_word' id='word_1_75' title='bbox 986 885 1155 940; x_wconf 93' lang='lat' dir='ltr'>ipsum</span> <span class='ocrx_word' id='word_1_76' title='bbox 1177 886 1468 929; x_wconf 91' lang='lat' dir='ltr'>sextantem</span> <span class='ocrx_word' id='word_1_77' title='bbox 1488 885 1580 929; x_wconf 87' lang='lat' dir='ltr'>fibi</span> <span class='ocrx_word' id='word_1_78' title='bbox 1599 884 1744 928; x_wconf 93' lang='lat' dir='ltr'>circa</span> <span class='ocrx_word' id='word_1_79' title='bbox 1759 884 1803 927; x_wconf 93' lang='lat' dir='ltr'>L</span> <span class='ocrx_word' id='word_1_80' title='bbox 1815 883 2038 927; x_wconf 90' lang='lat' dir='ltr'>infixum</span> <span class='ocrx_word' id='word_1_81' title='bbox 2057 886 2247 939; x_wconf 90' lang='lat' dir='ltr'>portet,</span> <span class='ocrx_word' id='word_1_82' title='bbox 2269 884 2358 939; x_wconf 91' lang='lat' dir='ltr'>qui</span> <span class='ocrx_word' id='word_1_83' title='bbox 2375 895 2472 940; x_wconf 92' lang='lat' dir='ltr'>per</span> 
     </span>
     <span class='ocr_line' id='line_1_9' title="bbox 263 961 2471 1020; baseline -0 -13"><span class='ocrx_word' id='word_1_84' title='bbox 263 964 375 1020; x_wconf 92' lang='lat' dir='ltr'>ejus</span> <span class='ocrx_word' id='word_1_85' title='bbox 402 966 573 1007; x_wconf 92' lang='lat' dir='ltr'>totam</span> <span class='ocrx_word' id='word_1_86' title='bbox 603 962 981 1019; x_wconf 82' lang='lat' dir='ltr'>longitudinem</span> <span class='ocrx_word' id='word_1_87' title='bbox 1011 963 1222 1006; x_wconf 91' lang='lat' dir='ltr'>extendi</span> <span class='ocrx_word' id='word_1_88' title='bbox 1251 962 1431 1018; x_wconf 87' lang='lat' dir='ltr'>potest.</span> <span class='ocrx_word' id='word_1_89' title='bbox 1463 962 1647 1017; x_wconf 84' lang='lat' dir='ltr'>Estque</span> <span class='ocrx_word' id='word_1_90' title='bbox 1673 961 1978 1016; x_wconf 85' lang='lat' dir='ltr'>capitellum</span> <span class='ocrx_word' id='word_1_91' title='bbox 2003 961 2130 1005; x_wconf 91' lang='lat' dir='ltr'>illud</span> <span class='ocrx_word' id='word_1_92' title='bbox 2157 961 2471 1016; x_wconf 89' lang='lat' dir='ltr'>quadrilate-</span> 
     </span>
     <span class='ocr_line' id='line_1_10' title="bbox 262 1038 2470 1094; baseline -0.001 -10"><span class='ocrx_word' id='word_1_93' title='bbox 262 1053 398 1094; x_wconf 92' lang='lat' dir='ltr'>rum,</span> <span class='ocrx_word' id='word_1_94' title='bbox 417 1052 480 1084; x_wconf 94' lang='lat' dir='ltr'>ac</span> <span class='ocrx_word' id='word_1_95' title='bbox 494 1041 710 1084; x_wconf 91' lang='lat' dir='ltr'>interius</span> <span class='ocrx_word' id='word_1_96' title='bbox 724 1041 1021 1084; x_wconf 91' lang='lat' dir='ltr'>rotularum</span> <span class='ocrx_word' id='word_1_97' title='bbox 1037 1039 1262 1084; x_wconf 88' lang='lat' dir='ltr'>artificio</span> <span class='ocrx_word' id='word_1_98' title='bbox 1276 1040 1349 1083; x_wconf 89' lang='lat' dir='ltr'>ita</span> <span class='ocrx_word' id='word_1_99' title='bbox 1363 1040 1758 1092; x_wconf 90' lang='lat' dir='ltr'>concinnatum,</span> <span class='ocrx_word' id='word_1_100' title='bbox 1777 1043 1835 1083; x_wconf 89' lang='lat' dir='ltr'>ut</span> <span class='ocrx_word' id='word_1_101' title='bbox 1849 1039 2063 1094; x_wconf 88' lang='lat' dir='ltr'>quando</span> <span class='ocrx_word' id='word_1_102' title='bbox 2077 1039 2233 1094; x_wconf 85' lang='lat' dir='ltr'>ipfius</span> <span class='ocrx_word' id='word_1_103' title='bbox 2247 1038 2470 1083; x_wconf 90' lang='lat' dir='ltr'>cochlea</span> 
     </span>
     <span class='ocr_line' id='line_1_11' title="bbox 263 1116 2467 1173; baseline -0.001 -11"><span class='ocrx_word' id='word_1_104' title='bbox 263 1119 331 1162; x_wconf 93' lang='lat' dir='ltr'>ad</span> <span class='ocrx_word' id='word_1_105' title='bbox 360 1118 405 1162; x_wconf 94' lang='lat' dir='ltr'>N</span> <span class='ocrx_word' id='word_1_106' title='bbox 431 1118 667 1170; x_wconf 92' lang='lat' dir='ltr'>vertitur,</span> <span class='ocrx_word' id='word_1_107' title='bbox 693 1120 809 1161; x_wconf 90' lang='lat' dir='ltr'>tum</span> <span class='ocrx_word' id='word_1_108' title='bbox 837 1129 974 1172; x_wconf 89' lang='lat' dir='ltr'>apex</span> <span class='ocrx_word' id='word_1_109' title='bbox 999 1117 1084 1160; x_wconf 92' lang='lat' dir='ltr'>ille</span> <span class='ocrx_word' id='word_1_110' title='bbox 1109 1129 1204 1173; x_wconf 93' lang='lat' dir='ltr'>per</span> <span class='ocrx_word' id='word_1_111' title='bbox 1228 1117 1533 1161; x_wconf 88' lang='lat' dir='ltr'>interiorem</span> <span class='ocrx_word' id='word_1_112' title='bbox 1560 1117 1792 1161; x_wconf 86' lang='lat' dir='ltr'>rotulam</span> <span class='ocrx_word' id='word_1_113' title='bbox 1820 1117 2109 1172; x_wconf 90' lang='lat' dir='ltr'>oblongum</span> <span class='ocrx_word' id='word_1_114' title='bbox 2135 1116 2336 1160; x_wconf 83' lang='lat' dir='ltr'>ferrum</span> <span class='ocrx_word' id='word_1_115' title='bbox 2360 1116 2467 1159; x_wconf 92' lang='lat' dir='ltr'>LM</span> 
     </span>
     <span class='ocr_line' id='line_1_12' title="bbox 261 1193 2469 1240; baseline -0.002 0"><span class='ocrx_word' id='word_1_116' title='bbox 261 1209 368 1240; x_wconf 93' lang='lat' dir='ltr'>una</span> <span class='ocrx_word' id='word_1_117' title='bbox 395 1207 520 1240; x_wconf 93' lang='lat' dir='ltr'>cum</span> <span class='ocrx_word' id='word_1_118' title='bbox 545 1198 658 1239; x_wconf 91' lang='lat' dir='ltr'>toto</span> <span class='ocrx_word' id='word_1_119' title='bbox 687 1195 778 1239; x_wconf 87' lang='lat' dir='ltr'>fibi</span> <span class='ocrx_word' id='word_1_120' title='bbox 802 1195 1094 1238; x_wconf 85' lang='lat' dir='ltr'>inhaerente</span> <span class='ocrx_word' id='word_1_121' title='bbox 1116 1195 1349 1238; x_wconf 83' lang='lat' dir='ltr'>sextante</span> <span class='ocrx_word' id='word_1_122' title='bbox 1374 1195 1443 1237; x_wconf 94' lang='lat' dir='ltr'>ad</span> <span class='ocrx_word' id='word_1_123' title='bbox 1467 1194 1713 1238; x_wconf 91' lang='lat' dir='ltr'>binarum</span> <span class='ocrx_word' id='word_1_124' title='bbox 1734 1194 2000 1238; x_wconf 86' lang='lat' dir='ltr'>stellarum</span> <span class='ocrx_word' id='word_1_125' title='bbox 2021 1194 2173 1237; x_wconf 80' lang='lat' dir='ltr'>litum</span> <span class='ocrx_word' id='word_1_126' title='bbox 2199 1193 2322 1237; x_wconf 91' lang='lat' dir='ltr'>hinc</span> <span class='ocrx_word' id='word_1_127' title='bbox 2347 1193 2469 1236; x_wconf 92' lang='lat' dir='ltr'>inde</span> 
     </span>
     <span class='ocr_line' id='line_1_13' title="bbox 261 1269 2468 1327; baseline -0.001 -10"><span class='ocrx_word' id='word_1_128' title='bbox 261 1273 548 1317; x_wconf 87' lang='lat' dir='ltr'>lateraliter</span> <span class='ocrx_word' id='word_1_129' title='bbox 566 1273 793 1316; x_wconf 87' lang='lat' dir='ltr'>inclinet.</span> <span class='ocrx_word' id='word_1_130' title='bbox 814 1273 910 1316; x_wconf 92' lang='lat' dir='ltr'>Per</span> <span class='ocrx_word' id='word_1_131' title='bbox 921 1272 1122 1316; x_wconf 85' lang='lat' dir='ltr'>Arcum</span> <span class='ocrx_word' id='word_1_132' title='bbox 1144 1283 1355 1326; x_wconf 92' lang='lat' dir='ltr'>quoque</span> <span class='ocrx_word' id='word_1_133' title='bbox 1375 1272 1455 1314; x_wconf 90' lang='lat' dir='ltr'>SR</span> <span class='ocrx_word' id='word_1_134' title='bbox 1474 1272 1565 1327; x_wconf 82' lang='lat' dir='ltr'>ipsi</span> <span class='ocrx_word' id='word_1_135' title='bbox 1584 1272 1736 1316; x_wconf 91' lang='lat' dir='ltr'>tereti</span> <span class='ocrx_word' id='word_1_136' title='bbox 1754 1272 1898 1316; x_wconf 87' lang='lat' dir='ltr'>ferro</span> <span class='ocrx_word' id='word_1_137' title='bbox 1913 1271 2034 1324; x_wconf 91' lang='lat' dir='ltr'>OH,</span> <span class='ocrx_word' id='word_1_138' title='bbox 2057 1271 2123 1315; x_wconf 92' lang='lat' dir='ltr'>de</span> <span class='ocrx_word' id='word_1_139' title='bbox 2144 1282 2249 1326; x_wconf 91' lang='lat' dir='ltr'>quo</span> <span class='ocrx_word' id='word_1_140' title='bbox 2270 1269 2468 1314; x_wconf 77' lang='lat' dir='ltr'>dictum</span> 
     </span>
    </p>
   </div>
   <div class='ocr_carea' id='block_1_3' title="bbox 2522 1123 2565 1159">
    <p class='ocr_par' dir='ltr' id='par_1_3' title="bbox 2522 1123 2565 1159">
     <span class='ocr_line' id='line_1_14' title="bbox 2522 1123 2565 1159; baseline 0.023 -1"><span class='ocrx_word' id='word_1_141' title='bbox 2522 1123 2565 1159; x_wconf 85' lang='lat'>10</span> 
     </span>
    </p>
   </div>
   <div class='ocr_carea' id='block_1_4' title="bbox 262 1348 2525 1406">
    <p class='ocr_par' dir='ltr' id='par_1_4' title="bbox 262 1348 2525 1406">
     <span class='ocr_line' id='line_1_15' title="bbox 262 1348 2525 1406; baseline -0.002 -11"><span class='ocrx_word' id='word_1_142' title='bbox 262 1351 405 1395; x_wconf 93' lang='lat' dir='ltr'>circa</span> <span class='ocrx_word' id='word_1_143' title='bbox 425 1351 458 1394; x_wconf 93' lang='lat' dir='ltr'>S</span> <span class='ocrx_word' id='word_1_144' title='bbox 479 1350 733 1405; x_wconf 90' lang='lat' dir='ltr'>peculiari</span> <span class='ocrx_word' id='word_1_145' title='bbox 746 1348 992 1406; x_wconf 72' lang='lat' dir='ltr'>junctura</span> <span class='ocrx_word' id='word_1_146' title='bbox 1011 1349 1277 1401; x_wconf 89' lang='lat' dir='ltr'>insertum,</span> <span class='ocrx_word' id='word_1_147' title='bbox 1301 1352 1543 1393; x_wconf 91' lang='lat' dir='ltr'>centrum</span> <span class='ocrx_word' id='word_1_148' title='bbox 1564 1350 1634 1393; x_wconf 93' lang='lat' dir='ltr'>ad</span> <span class='ocrx_word' id='word_1_149' title='bbox 1649 1350 1695 1392; x_wconf 88' lang='lat' dir='ltr'><strong>A</strong></span> <span class='ocrx_word' id='word_1_150' title='bbox 1714 1350 1940 1405; x_wconf 81' lang='lat' dir='ltr'>positum</span> <span class='ocrx_word' id='word_1_151' title='bbox 1960 1361 2068 1392; x_wconf 94' lang='lat' dir='ltr'>una</span> <span class='ocrx_word' id='word_1_152' title='bbox 2088 1360 2213 1392; x_wconf 92' lang='lat' dir='ltr'>cum</span> <span class='ocrx_word' id='word_1_153' title='bbox 2232 1348 2341 1404; x_wconf 91' lang='lat' dir='ltr'>ipso</span> <span class='ocrx_word' id='word_1_154' title='bbox 2364 1349 2468 1392; x_wconf 89' lang='lat' dir='ltr'>sex·</span> <span class='ocrx_word' id='word_1_155' title='bbox 2523 1400 2525 1402; x_wconf 37' lang='lat'>.</span> 
     </span>
    </p>
   </div>
   <div class='ocr_carea' id='block_1_5' title="bbox 252 1425 2468 1715">
    <p class='ocr_par' dir='ltr' id='par_1_5' title="bbox 252 1425 2468 1715">
     <span class='ocr_line' id='line_1_16' title="bbox 259 1425 2468 1481; baseline -0.002 -9"><span class='ocrx_word' id='word_1_156' title='bbox 259 1431 404 1473; x_wconf 90' lang='lat' dir='ltr'>tante</span> <span class='ocrx_word' id='word_1_157' title='bbox 431 1429 670 1472; x_wconf 90' lang='lat' dir='ltr'>elevatur</span> <span class='ocrx_word' id='word_1_158' title='bbox 695 1439 758 1471; x_wconf 95' lang='lat' dir='ltr'>ac</span> <span class='ocrx_word' id='word_1_159' title='bbox 786 1426 1081 1479; x_wconf 85' lang='lat' dir='ltr'>remittitur,</span> <span class='ocrx_word' id='word_1_160' title='bbox 1110 1429 1267 1481; x_wconf 89' lang='lat' dir='ltr'>prout</span> <span class='ocrx_word' id='word_1_161' title='bbox 1286 1426 1518 1470; x_wconf 87' lang='lat' dir='ltr'>Altitudo</span> <span class='ocrx_word' id='word_1_162' title='bbox 1539 1428 1623 1471; x_wconf 91' lang='lat' dir='ltr'>vel</span> <span class='ocrx_word' id='word_1_163' title='bbox 1644 1426 1918 1470; x_wconf 88' lang='lat' dir='ltr'>declivitas</span> <span class='ocrx_word' id='word_1_164' title='bbox 1939 1426 2097 1471; x_wconf 87' lang='lat' dir='ltr'>stellae</span> <span class='ocrx_word' id='word_1_165' title='bbox 2117 1426 2356 1481; x_wconf 87' lang='lat' dir='ltr'>postulat,</span> <span class='ocrx_word' id='word_1_166' title='bbox 2384 1425 2468 1468; x_wconf 87' lang='lat' dir='ltr'>fir-</span> 
     </span>
     <span class='ocr_line' id='line_1_17' title="bbox 260 1502 2466 1560; baseline -0.001 -11"><span class='ocrx_word' id='word_1_167' title='bbox 260 1509 542 1560; x_wconf 88' lang='lat' dir='ltr'>maturque</span> <span class='ocrx_word' id='word_1_168' title='bbox 567 1508 626 1548; x_wconf 92' lang='lat' dir='ltr'>ut</span> <span class='ocrx_word' id='word_1_169' title='bbox 650 1505 789 1556; x_wconf 92' lang='lat' dir='ltr'>libet,</span> <span class='ocrx_word' id='word_1_170' title='bbox 817 1504 871 1547; x_wconf 94' lang='lat' dir='ltr'>in</span> <span class='ocrx_word' id='word_1_171' title='bbox 896 1504 1087 1547; x_wconf 93' lang='lat' dir='ltr'>eodem</span> <span class='ocrx_word' id='word_1_172' title='bbox 1107 1504 1251 1547; x_wconf 90' lang='lat' dir='ltr'>Arcu</span> <span class='ocrx_word' id='word_1_173' title='bbox 1275 1515 1371 1559; x_wconf 93' lang='lat' dir='ltr'>per</span> <span class='ocrx_word' id='word_1_174' title='bbox 1396 1504 1677 1547; x_wconf 91' lang='lat' dir='ltr'>cochleam</span> <span class='ocrx_word' id='word_1_175' title='bbox 1704 1503 1771 1548; x_wconf 95' lang='lat' dir='ltr'>ab</span> <span class='ocrx_word' id='word_1_176' title='bbox 1800 1505 1965 1548; x_wconf 81' lang='lat' dir='ltr'>altera</span> <span class='ocrx_word' id='word_1_177' title='bbox 1991 1507 2142 1559; x_wconf 88' lang='lat' dir='ltr'>parte</span> <span class='ocrx_word' id='word_1_178' title='bbox 2159 1504 2311 1560; x_wconf 72' lang='lat' dir='ltr'>Juxta</span> <span class='ocrx_word' id='word_1_179' title='bbox 2330 1502 2359 1546; x_wconf 89' lang='lat'>9</span> <span class='ocrx_word' id='word_1_180' title='bbox 2379 1503 2466 1547; x_wconf 93' lang='lat' dir='ltr'>ad-</span> 
     </span>
     <span class='ocr_line' id='line_1_18' title="bbox 252 1579 2464 1639; baseline -0.001 -12"><span class='ocrx_word' id='word_1_181' title='bbox 252 1582 508 1639; x_wconf 71' lang='lat' dir='ltr'>junctam.</span> <span class='ocrx_word' id='word_1_182' title='bbox 540 1583 644 1626; x_wconf 90' lang='lat' dir='ltr'>Sed</span> <span class='ocrx_word' id='word_1_183' title='bbox 668 1582 788 1626; x_wconf 86' lang='lat' dir='ltr'>haec</span> <span class='ocrx_word' id='word_1_184' title='bbox 817 1581 997 1625; x_wconf 91' lang='lat' dir='ltr'>omnia</span> <span class='ocrx_word' id='word_1_185' title='bbox 1024 1581 1227 1625; x_wconf 92' lang='lat' dir='ltr'>oculari</span> <span class='ocrx_word' id='word_1_186' title='bbox 1251 1580 1439 1625; x_wconf 93' lang='lat' dir='ltr'>intuitu</span> <span class='ocrx_word' id='word_1_187' title='bbox 1465 1581 1506 1624; x_wconf 79' lang='lat'>81</span> <span class='ocrx_word' id='word_1_188' title='bbox 1530 1579 1844 1625; x_wconf 76' lang='lat' dir='ltr'>tractatione</span> <span class='ocrx_word' id='word_1_189' title='bbox 1873 1581 2061 1625; x_wconf 88' lang='lat' dir='ltr'>melius</span> <span class='ocrx_word' id='word_1_190' title='bbox 2090 1580 2464 1636; x_wconf 89' lang='lat' dir='ltr'>percipiuntur.</span> 
     </span>
     <span class='ocr_line' id='line_1_19' title="bbox 261 1658 2467 1715; baseline -0.001 -10"><span class='ocrx_word' id='word_1_191' title='bbox 261 1661 379 1705; x_wconf 92' lang='lat' dir='ltr'>Hoc</span> <span class='ocrx_word' id='word_1_192' title='bbox 409 1661 623 1715; x_wconf 92' lang='lat' dir='ltr'>quidem</span> <span class='ocrx_word' id='word_1_193' title='bbox 654 1659 1018 1711; x_wconf 84' lang='lat' dir='ltr'>Instrumento,</span> <span class='ocrx_word' id='word_1_194' title='bbox 1050 1659 1193 1713; x_wconf 91' lang='lat' dir='ltr'>quod</span> <span class='ocrx_word' id='word_1_195' title='bbox 1223 1661 1345 1702; x_wconf 92' lang='lat' dir='ltr'>ante</span> <span class='ocrx_word' id='word_1_196' title='bbox 1372 1658 1630 1713; x_wconf 90' lang='lat' dir='ltr'>plurimos</span> <span class='ocrx_word' id='word_1_197' title='bbox 1661 1670 1830 1703; x_wconf 87' lang='lat' dir='ltr'>annos</span> <span class='ocrx_word' id='word_1_198' title='bbox 1859 1658 2053 1703; x_wconf 89' lang='lat' dir='ltr'>confici</span> <span class='ocrx_word' id='word_1_199' title='bbox 2082 1658 2281 1711; x_wconf 90' lang='lat' dir='ltr'>curavi,</span> <span class='ocrx_word' id='word_1_200' title='bbox 2315 1658 2467 1702; x_wconf 90' lang='lat' dir='ltr'>inter-</span> 
     </span>
    </p>
   </div>
   <div class='ocr_carea' id='block_1_6' title="bbox 2519 1509 2561 1545">
    <p class='ocr_par' dir='ltr' id='par_1_6' title="bbox 2519 1509 2561 1545">
     <span class='ocr_line' id='line_1_20' title="bbox 2519 1509 2561 1545; baseline 0.024 -1"><span class='ocrx_word' id='word_1_201' title='bbox 2519 1509 2561 1545; x_wconf 89' lang='grc'>15</span> 
     </span>
    </p>
   </div>
   <div class='ocr_carea' id='block_1_7' title="bbox 259 1736 2526 1800">
    <p class='ocr_par' dir='ltr' id='par_1_7' title="bbox 259 1736 2526 1800">
     <span class='ocr_line' id='line_1_21' title="bbox 259 1736 2526 1800; baseline -0.001 -18"><span class='ocrx_word' id='word_1_202' title='bbox 259 1738 542 1794; x_wconf 89' lang='lat' dir='ltr'>capedines</span> <span class='ocrx_word' id='word_1_203' title='bbox 568 1737 811 1780; x_wconf 90' lang='lat' dir='ltr'>Siderum</span> <span class='ocrx_word' id='word_1_204' title='bbox 838 1737 1098 1780; x_wconf 90' lang='lat' dir='ltr'>scrutatus</span> <span class='ocrx_word' id='word_1_205' title='bbox 1126 1736 1260 1779; x_wconf 85' lang='lat' dir='ltr'>sum:</span> <span class='ocrx_word' id='word_1_206' title='bbox 1295 1736 1522 1791; x_wconf 91' lang='lat' dir='ltr'>Eratque</span> <span class='ocrx_word' id='word_1_207' title='bbox 1552 1737 1663 1793; x_wconf 89' lang='lat' dir='ltr'>ejus</span> <span class='ocrx_word' id='word_1_208' title='bbox 1693 1737 1960 1781; x_wconf 90' lang='lat' dir='ltr'>maximus</span> <span class='ocrx_word' id='word_1_209' title='bbox 1986 1736 2107 1780; x_wconf 92' lang='lat' dir='ltr'>usus</span> <span class='ocrx_word' id='word_1_210' title='bbox 2132 1736 2186 1780; x_wconf 90' lang='lat' dir='ltr'>in</span> <span class='ocrx_word' id='word_1_211' title='bbox 2212 1736 2466 1780; x_wconf 90' lang='lat' dir='ltr'>Observa·</span> <span class='ocrx_word' id='word_1_212' title='bbox 2522 1795 2526 1800; x_wconf 72' lang='lat'>,</span> 
     </span>
    </p>
   </div>
   <div class='ocr_carea' id='block_1_8' title="bbox 253 1813 2465 2953">
    <p class='ocr_par' dir='ltr' id='par_1_8' title="bbox 256 1813 2465 2026">
     <span class='ocr_line' id='line_1_22' title="bbox 256 1813 2464 1869; baseline -0 -10"><span class='ocrx_word' id='word_1_213' title='bbox 256 1815 487 1860; x_wconf 90' lang='lat' dir='ltr'>tionibus</span> <span class='ocrx_word' id='word_1_214' title='bbox 514 1815 749 1858; x_wconf 86' lang='lat' dir='ltr'>Cometae</span> <span class='ocrx_word' id='word_1_215' title='bbox 777 1814 900 1857; x_wconf 91' lang='lat' dir='ltr'>anni</span> <span class='ocrx_word' id='word_1_216' title='bbox 926 1815 998 1857; x_wconf 90' lang='lat'>77.</span> <span class='ocrx_word' id='word_1_217' title='bbox 1027 1813 1206 1866; x_wconf 89' lang='lat' dir='ltr'>Quare</span> <span class='ocrx_word' id='word_1_218' title='bbox 1232 1813 1393 1856; x_wconf 90' lang='lat' dir='ltr'>etiam</span> <span class='ocrx_word' id='word_1_219' title='bbox 1419 1814 1472 1857; x_wconf 90' lang='lat' dir='ltr'>in</span> <span class='ocrx_word' id='word_1_220' title='bbox 1498 1814 1648 1867; x_wconf 91' lang='lat' dir='ltr'>libr0‚</span> <span class='ocrx_word' id='word_1_221' title='bbox 1678 1826 1838 1869; x_wconf 92' lang='lat' dir='ltr'>quem</span> <span class='ocrx_word' id='word_1_222' title='bbox 1863 1815 2156 1858; x_wconf 92' lang='lat' dir='ltr'>luculenter</span> <span class='ocrx_word' id='word_1_223' title='bbox 2181 1815 2247 1858; x_wconf 92' lang='lat' dir='ltr'>de</span> <span class='ocrx_word' id='word_1_224' title='bbox 2273 1814 2464 1858; x_wconf 91' lang='lat' dir='ltr'>eodem</span> 
     </span>
     <span class='ocr_line' id='line_1_23' title="bbox 258 1890 2465 1948; baseline -0.001 -11"><span class='ocrx_word' id='word_1_225' title='bbox 258 1893 672 1948; x_wconf 76' lang='lat' dir='ltr'>conscripsimus,</span> <span class='ocrx_word' id='word_1_226' title='bbox 699 1892 844 1936; x_wconf 93' lang='lat' dir='ltr'>circa</span> <span class='ocrx_word' id='word_1_227' title='bbox 863 1891 1027 1935; x_wconf 87' lang='lat' dir='ltr'>finem</span> <span class='ocrx_word' id='word_1_228' title='bbox 1046 1890 1139 1948; x_wconf 89' lang='lat' dir='ltr'>(uti</span> <span class='ocrx_word' id='word_1_229' title='bbox 1159 1890 1284 1948; x_wconf 90' lang='lat' dir='ltr'>dixi)</span> <span class='ocrx_word' id='word_1_230' title='bbox 1305 1892 1636 1947; x_wconf 78' lang='lat' dir='ltr'>consignatus</span> <span class='ocrx_word' id='word_1_231' title='bbox 1656 1891 1742 1936; x_wconf 92' lang='lat' dir='ltr'>hic</span> <span class='ocrx_word' id='word_1_232' title='bbox 1765 1892 1972 1936; x_wconf 90' lang='lat' dir='ltr'>sextans</span> <span class='ocrx_word' id='word_1_233' title='bbox 1991 1892 2206 1936; x_wconf 90' lang='lat' dir='ltr'>uberius</span> <span class='ocrx_word' id='word_1_234' title='bbox 2226 1891 2465 1936; x_wconf 92' lang='lat' dir='ltr'>describi-</span> 
     </span>
     <span class='ocr_line' id='line_1_24' title="bbox 256 1968 2460 2026; baseline -0.001 -12"><span class='ocrx_word' id='word_1_235' title='bbox 256 1974 355 2014; x_wconf 88' lang='lat' dir='ltr'>tur.</span> <span class='ocrx_word' id='word_1_236' title='bbox 378 1970 431 2014; x_wconf 93' lang='lat' dir='ltr'>Si</span> <span class='ocrx_word' id='word_1_237' title='bbox 451 1971 566 2025; x_wconf 91' lang='lat' dir='ltr'>quis</span> <span class='ocrx_word' id='word_1_238' title='bbox 579 1971 738 2022; x_wconf 90' lang='lat' dir='ltr'>volet,</span> <span class='ocrx_word' id='word_1_239' title='bbox 759 1970 912 2025; x_wconf 93' lang='lat' dir='ltr'>plura</span> <span class='ocrx_word' id='word_1_240' title='bbox 931 1969 1129 2012; x_wconf 91' lang='lat' dir='ltr'>ibidem</span> <span class='ocrx_word' id='word_1_241' title='bbox 1150 1981 1182 2012; x_wconf 95' lang='lat' dir='ltr'>a</span> <span class='ocrx_word' id='word_1_242' title='bbox 1202 1968 1392 2024; x_wconf 74' lang='lat' dir='ltr'>pagina</span> <span class='ocrx_word' id='word_1_243' title='bbox 1406 1968 1509 2013; x_wconf 88' lang='lat'>459.</span> <span class='ocrx_word' id='word_1_244' title='bbox 1525 1970 1687 2024; x_wconf 88' lang='lat' dir='ltr'>usque</span> <span class='ocrx_word' id='word_1_245' title='bbox 1702 1970 1771 2014; x_wconf 94' lang='lat' dir='ltr'>ad</span> <span class='ocrx_word' id='word_1_246' title='bbox 1784 1982 1901 2026; x_wconf 90' lang='lat' dir='ltr'>pag.</span> <span class='ocrx_word' id='word_1_247' title='bbox 1916 1969 1999 2013; x_wconf 85' lang='lat'>461</span> <span class='ocrx_word' id='word_1_248' title='bbox 2019 1970 2084 2013; x_wconf 92' lang='lat' dir='ltr'>de</span> <span class='ocrx_word' id='word_1_249' title='bbox 2099 1970 2292 2013; x_wconf 91' lang='lat' dir='ltr'>eodem</span> <span class='ocrx_word' id='word_1_250' title='bbox 2308 1970 2460 2025; x_wconf 91' lang='lat' dir='ltr'>legat.</span> 
     </span>
    </p>

    <p class='ocr_par' dir='ltr' id='par_1_9' title="bbox 253 2045 2464 2953">
     <span class='ocr_line' id='line_1_25' title="bbox 330 2045 2464 2104; baseline -0.001 -12"><span class='ocrx_word' id='word_1_251' title='bbox 330 2048 503 2092; x_wconf 89' lang='lat' dir='ltr'>USUS</span> <span class='ocrx_word' id='word_1_252' title='bbox 529 2048 641 2104; x_wconf 90' lang='lat' dir='ltr'>ejus</span> <span class='ocrx_word' id='word_1_253' title='bbox 667 2047 737 2091; x_wconf 88' lang='lat' dir='ltr'>est</span> <span class='ocrx_word' id='word_1_254' title='bbox 763 2058 860 2102; x_wconf 91' lang='lat' dir='ltr'>pro</span> <span class='ocrx_word' id='word_1_255' title='bbox 882 2046 1152 2101; x_wconf 91' lang='lat' dir='ltr'>capiendis</span> <span class='ocrx_word' id='word_1_256' title='bbox 1171 2045 1445 2089; x_wconf 88' lang='lat' dir='ltr'>Astrorum</span> <span class='ocrx_word' id='word_1_257' title='bbox 1471 2046 1721 2103; x_wconf 82' lang='lat' dir='ltr'>distantijS</span> <span class='ocrx_word' id='word_1_258' title='bbox 1746 2047 1883 2090; x_wconf 92' lang='lat' dir='ltr'>intra</span> <span class='ocrx_word' id='word_1_259' title='bbox 1911 2047 2113 2091; x_wconf 88' lang='lat' dir='ltr'>sextam</span> <span class='ocrx_word' id='word_1_260' title='bbox 2134 2046 2324 2090; x_wconf 91' lang='lat' dir='ltr'>Circuli</span> <span class='ocrx_word' id='word_1_261' title='bbox 2348 2058 2464 2102; x_wconf 93' lang='lat' dir='ltr'>par-</span> 
     </span>
     <span class='ocr_line' id='line_1_26' title="bbox 255 2123 2461 2180; baseline -0 -12"><span class='ocrx_word' id='word_1_262' title='bbox 255 2129 365 2169; x_wconf 86' lang='lat' dir='ltr'>tem</span> <span class='ocrx_word' id='word_1_263' title='bbox 378 2125 536 2180; x_wconf 92' lang='lat' dir='ltr'>idque</span> <span class='ocrx_word' id='word_1_264' title='bbox 551 2125 618 2168; x_wconf 93' lang='lat' dir='ltr'>ab</span> <span class='ocrx_word' id='word_1_265' title='bbox 633 2137 740 2169; x_wconf 93' lang='lat' dir='ltr'>uno</span> <span class='ocrx_word' id='word_1_266' title='bbox 757 2124 1092 2168; x_wconf 90' lang='lat' dir='ltr'>solummodo</span> <span class='ocrx_word' id='word_1_267' title='bbox 1108 2123 1464 2176; x_wconf 90' lang='lat' dir='ltr'>observatore,</span> <span class='ocrx_word' id='word_1_268' title='bbox 1487 2124 1576 2178; x_wconf 92' lang='lat' dir='ltr'>qui</span> <span class='ocrx_word' id='word_1_269' title='bbox 1596 2124 1863 2180; x_wconf 92' lang='lat' dir='ltr'>applicato</span> <span class='ocrx_word' id='word_1_270' title='bbox 1879 2125 2036 2169; x_wconf 94' lang='lat' dir='ltr'>oculo</span> <span class='ocrx_word' id='word_1_271' title='bbox 2053 2125 2122 2168; x_wconf 94' lang='lat' dir='ltr'>ad</span> <span class='ocrx_word' id='word_1_272' title='bbox 2136 2124 2386 2167; x_wconf 92' lang='lat' dir='ltr'>Centrum</span> <span class='ocrx_word' id='word_1_273' title='bbox 2399 2124 2461 2176; x_wconf 86' lang='lat' dir='ltr'>A,</span> 
     </span>
     <span class='ocr_line' id='line_1_27' title="bbox 255 2201 2464 2257; baseline -0.001 -11"><span class='ocrx_word' id='word_1_274' title='bbox 255 2203 297 2246; x_wconf 75' lang='grc' dir='ltr'>δι</span> <span class='ocrx_word' id='word_1_275' title='bbox 316 2205 429 2246; x_wconf 92' lang='lat' dir='ltr'>toto</span> <span class='ocrx_word' id='word_1_276' title='bbox 451 2202 684 2246; x_wconf 90' lang='lat' dir='ltr'>sextante</span> <span class='ocrx_word' id='word_1_277' title='bbox 704 2213 799 2257; x_wconf 92' lang='lat' dir='ltr'>per</span> <span class='ocrx_word' id='word_1_278' title='bbox 818 2201 972 2245; x_wconf 88' lang='lat' dir='ltr'>fulcri</span> <span class='ocrx_word' id='word_1_279' title='bbox 992 2202 1242 2245; x_wconf 88' lang='lat' dir='ltr'>cochleas</span> <span class='ocrx_word' id='word_1_280' title='bbox 1262 2201 1315 2244; x_wconf 92' lang='lat' dir='ltr'>in</span> <span class='ocrx_word' id='word_1_281' title='bbox 1334 2202 1626 2245; x_wconf 92' lang='lat' dir='ltr'>eorundem</span> <span class='ocrx_word' id='word_1_282' title='bbox 1650 2203 1871 2257; x_wconf 91' lang='lat' dir='ltr'>planum</span> <span class='ocrx_word' id='word_1_283' title='bbox 1891 2202 2132 2257; x_wconf 80' lang='lat' dir='ltr'>disposito</span> <span class='ocrx_word' id='word_1_284' title='bbox 2153 2201 2464 2257; x_wconf 89' lang='lat' dir='ltr'>circumagit</span> 
     </span>
     <span class='ocr_line' id='line_1_28' title="bbox 256 2278 2459 2335; baseline -0.001 -12"><span class='ocrx_word' id='word_1_285' title='bbox 256 2280 537 2323; x_wconf 92' lang='lat' dir='ltr'>cochleam</span> <span class='ocrx_word' id='word_1_286' title='bbox 552 2278 672 2331; x_wconf 90' lang='lat' dir='ltr'>GH,</span> <span class='ocrx_word' id='word_1_287' title='bbox 693 2279 747 2322; x_wconf 93' lang='lat' dir='ltr'>in</span> <span class='ocrx_word' id='word_1_288' title='bbox 761 2279 1004 2334; x_wconf 93' lang='lat' dir='ltr'>quamvis</span> <span class='ocrx_word' id='word_1_289' title='bbox 1018 2281 1247 2333; x_wconf 87' lang='lat' dir='ltr'>partem:</span> <span class='ocrx_word' id='word_1_290' title='bbox 1272 2279 1445 2333; x_wconf 85' lang='lat' dir='ltr'>ficque</span> <span class='ocrx_word' id='word_1_291' title='bbox 1460 2279 1681 2334; x_wconf 91' lang='lat' dir='ltr'>ampliat</span> <span class='ocrx_word' id='word_1_292' title='bbox 1695 2282 1786 2322; x_wconf 89' lang='lat' dir='ltr'>aut</span> <span class='ocrx_word' id='word_1_293' title='bbox 1800 2278 2039 2324; x_wconf 75' lang='lat' dir='ltr'>coarctat</span> <span class='ocrx_word' id='word_1_294' title='bbox 2053 2280 2304 2335; x_wconf 92' lang='lat' dir='ltr'>angulum</span> <span class='ocrx_word' id='word_1_295' title='bbox 2318 2279 2459 2332; x_wconf 88' lang='lat' dir='ltr'>BAC,</span> 
     </span>
     <span class='ocr_line' id='line_1_29' title="bbox 256 2355 2463 2412; baseline -0.001 -11"><span class='ocrx_word' id='word_1_296' title='bbox 256 2358 426 2401; x_wconf 93' lang='lat' dir='ltr'>donec</span> <span class='ocrx_word' id='word_1_297' title='bbox 453 2357 590 2400; x_wconf 90' lang='lat' dir='ltr'>intra</span> <span class='ocrx_word' id='word_1_298' title='bbox 616 2356 917 2412; x_wconf 90' lang='lat' dir='ltr'>pinnacidia</span> <span class='ocrx_word' id='word_1_299' title='bbox 937 2357 1022 2399; x_wconf 93' lang='lat' dir='ltr'>BC</span> <span class='ocrx_word' id='word_1_300' title='bbox 1041 2359 1266 2411; x_wconf 92' lang='lat' dir='ltr'>utraque</span> <span class='ocrx_word' id='word_1_301' title='bbox 1293 2355 1434 2400; x_wconf 87' lang='lat' dir='ltr'>stella</span> <span class='ocrx_word' id='word_1_302' title='bbox 1461 2355 1777 2401; x_wconf 72' lang='lat' dir='ltr'>exactissime</span> <span class='ocrx_word' id='word_1_303' title='bbox 1801 2357 2123 2401; x_wconf 93' lang='lat' dir='ltr'>collineetur.</span> <span class='ocrx_word' id='word_1_304' title='bbox 2153 2356 2463 2400; x_wconf 86' lang='lat' dir='ltr'>Monstrabit</span> 
     </span>
     <span class='ocr_line' id='line_1_30' title="bbox 256 2433 2461 2489; baseline 0 -12"><span class='ocrx_word' id='word_1_305' title='bbox 256 2434 398 2478; x_wconf 90' lang='lat' dir='ltr'>enim</span> <span class='ocrx_word' id='word_1_306' title='bbox 422 2438 548 2477; x_wconf 91' lang='lat' dir='ltr'>tunc</span> <span class='ocrx_word' id='word_1_307' title='bbox 576 2434 755 2477; x_wconf 85' lang='lat' dir='ltr'>divifio</span> <span class='ocrx_word' id='word_1_308' title='bbox 782 2434 951 2477; x_wconf 90' lang='lat' dir='ltr'>Arcus</span> <span class='ocrx_word' id='word_1_309' title='bbox 979 2434 1071 2476; x_wconf 94' lang='lat' dir='ltr'>BD</span> <span class='ocrx_word' id='word_1_310' title='bbox 1097 2433 1548 2488; x_wconf 90' lang='lat' dir='ltr'>intercapedinem</span> <span class='ocrx_word' id='word_1_311' title='bbox 1575 2446 1696 2489; x_wconf 87' lang='lat' dir='ltr'>quae</span> <span class='ocrx_word' id='word_1_312' title='bbox 1723 2435 2077 2488; x_wconf 88' lang='lat' dir='ltr'>quaerebatur.</span> <span class='ocrx_word' id='word_1_313' title='bbox 2107 2433 2308 2477; x_wconf 91' lang='lat' dir='ltr'>Habuit</span> <span class='ocrx_word' id='word_1_314' title='bbox 2331 2445 2461 2478; x_wconf 89' lang='lat' dir='ltr'>vero</span> 
     </span>
     <span class='ocr_line' id='line_1_31' title="bbox 255 2511 2462 2567; baseline 0.001 -13"><span class='ocrx_word' id='word_1_315' title='bbox 255 2511 683 2555; x_wconf 88' lang='lat' dir='ltr'>circumferentia</span> <span class='ocrx_word' id='word_1_316' title='bbox 713 2511 825 2567; x_wconf 90' lang='lat' dir='ltr'>ejus</span> <span class='ocrx_word' id='word_1_317' title='bbox 854 2512 921 2555; x_wconf 92' lang='lat' dir='ltr'>ab</span> <span class='ocrx_word' id='word_1_318' title='bbox 951 2511 1096 2555; x_wconf 91' lang='lat' dir='ltr'>initio</span> <span class='ocrx_word' id='word_1_319' title='bbox 1126 2522 1234 2555; x_wconf 91' lang='lat' dir='ltr'>non</span> <span class='ocrx_word' id='word_1_320' title='bbox 1264 2511 1447 2554; x_wconf 87' lang='lat' dir='ltr'>saltem</span> <span class='ocrx_word' id='word_1_321' title='bbox 1476 2511 1784 2555; x_wconf 83' lang='lat' dir='ltr'>divisionem</span> <span class='ocrx_word' id='word_1_322' title='bbox 1813 2513 2104 2567; x_wconf 90' lang='lat' dir='ltr'>vulgarem,</span> <span class='ocrx_word' id='word_1_323' title='bbox 2137 2511 2224 2555; x_wconf 90' lang='lat' dir='ltr'>sed</span> <span class='ocrx_word' id='word_1_324' title='bbox 2253 2512 2294 2555; x_wconf 76' lang='grc' dir='ltr'>ἃ</span> <span class='ocrx_word' id='word_1_325' title='bbox 2326 2511 2462 2556; x_wconf 91' lang='lat' dir='ltr'>Non-</span> 
     </span>
     <span class='ocr_line' id='line_1_32' title="bbox 254 2587 2462 2644; baseline 0 -13"><span class='ocrx_word' id='word_1_326' title='bbox 254 2588 486 2632; x_wconf 86' lang='lat' dir='ltr'>nianam.</span> <span class='ocrx_word' id='word_1_327' title='bbox 509 2588 710 2632; x_wconf 92' lang='lat' dir='ltr'>Verum</span> <span class='ocrx_word' id='word_1_328' title='bbox 731 2600 855 2632; x_wconf 92' lang='lat' dir='ltr'>cum</span> <span class='ocrx_word' id='word_1_329' title='bbox 876 2600 973 2644; x_wconf 92' lang='lat' dir='ltr'>ego</span> <span class='ocrx_word' id='word_1_330' title='bbox 993 2588 1107 2643; x_wconf 77' lang='lat' dir='ltr'>ipsa</span> <span class='ocrx_word' id='word_1_331' title='bbox 1129 2588 1449 2643; x_wconf 79' lang='lat' dir='ltr'>experientia</span> <span class='ocrx_word' id='word_1_332' title='bbox 1475 2589 1744 2641; x_wconf 90' lang='lat' dir='ltr'>edocerer,</span> <span class='ocrx_word' id='word_1_333' title='bbox 1775 2589 1936 2632; x_wconf 92' lang='lat' dir='ltr'>aliam</span> <span class='ocrx_word' id='word_1_334' title='bbox 1962 2601 2057 2644; x_wconf 91' lang='lat' dir='ltr'>per</span> <span class='ocrx_word' id='word_1_335' title='bbox 2082 2587 2277 2644; x_wconf 74' lang='lat' dir='ltr'>punc‘ta</span> <span class='ocrx_word' id='word_1_336' title='bbox 2301 2589 2462 2632; x_wconf 90' lang='lat' dir='ltr'>trans-</span> 
     </span>
     <span class='ocr_line' id='line_1_33' title="bbox 254 2665 2461 2722; baseline 0.001 -14"><span class='ocrx_word' id='word_1_337' title='bbox 254 2665 475 2709; x_wconf 92' lang='lat' dir='ltr'>versalia</span> <span class='ocrx_word' id='word_1_338' title='bbox 495 2667 662 2709; x_wconf 92' lang='lat' dir='ltr'>multo</span> <span class='ocrx_word' id='word_1_339' title='bbox 684 2665 1111 2709; x_wconf 92' lang='lat' dir='ltr'>commodiorem</span> <span class='ocrx_word' id='word_1_340' title='bbox 1132 2665 1173 2708; x_wconf 69' lang='lat'>8:</span> <span class='ocrx_word' id='word_1_341' title='bbox 1194 2666 1585 2710; x_wconf 92' lang='lat' dir='ltr'>accuratiorem</span> <span class='ocrx_word' id='word_1_342' title='bbox 1605 2666 1719 2719; x_wconf 83' lang='lat' dir='ltr'>esse,</span> <span class='ocrx_word' id='word_1_343' title='bbox 1741 2666 2049 2721; x_wconf 87' lang='lat' dir='ltr'>posthabitis</span> <span class='ocrx_word' id='word_1_344' title='bbox 2067 2666 2224 2718; x_wconf 87' lang='lat' dir='ltr'>hisce,</span> <span class='ocrx_word' id='word_1_345' title='bbox 2247 2668 2310 2710; x_wconf 78' lang='lat' dir='ltr'>ea</span> <span class='ocrx_word' id='word_1_346' title='bbox 2331 2666 2461 2722; x_wconf 84' lang='lat' dir='ltr'>post-</span> 
     </span>
     <span class='ocr_line' id='line_1_34' title="bbox 254 2742 2462 2796; baseline 0 -10"><span class='ocrx_word' id='word_1_347' title='bbox 254 2744 477 2787; x_wconf 91' lang='lat' dir='ltr'>modum</span> <span class='ocrx_word' id='word_1_348' title='bbox 506 2743 628 2786; x_wconf 91' lang='lat' dir='ltr'>usus</span> <span class='ocrx_word' id='word_1_349' title='bbox 657 2743 786 2794; x_wconf 90' lang='lat' dir='ltr'>sum,</span> <span class='ocrx_word' id='word_1_350' title='bbox 818 2743 859 2786; x_wconf 75' lang='lat'>81</span> <span class='ocrx_word' id='word_1_351' title='bbox 888 2742 1374 2786; x_wconf 86' lang='lat' dir='ltr'>circumferentiam</span> <span class='ocrx_word' id='word_1_352' title='bbox 1399 2743 1646 2787; x_wconf 91' lang='lat' dir='ltr'>sextantis</span> <span class='ocrx_word' id='word_1_353' title='bbox 1674 2743 2068 2787; x_wconf 90' lang='lat' dir='ltr'>Orichalcicam</span> <span class='ocrx_word' id='word_1_354' title='bbox 2093 2743 2211 2796; x_wconf 86' lang='lat' dir='ltr'>feci,</span> <span class='ocrx_word' id='word_1_355' title='bbox 2241 2746 2299 2787; x_wconf 88' lang='lat' dir='ltr'>ut</span> <span class='ocrx_word' id='word_1_356' title='bbox 2327 2743 2462 2788; x_wconf 93' lang='lat' dir='ltr'>rubi-</span> 
     </span>
     <span class='ocr_line' id='line_1_35' title="bbox 254 2819 2462 2876; baseline 0 -14"><span class='ocrx_word' id='word_1_357' title='bbox 254 2819 370 2875; x_wconf 92' lang='lat' dir='ltr'>gini,</span> <span class='ocrx_word' id='word_1_358' title='bbox 402 2823 559 2875; x_wconf 87' lang='lat' dir='ltr'>prout</span> <span class='ocrx_word' id='word_1_359' title='bbox 589 2820 834 2875; x_wconf 91' lang='lat' dir='ltr'>Chalybs,</span> <span class='ocrx_word' id='word_1_360' title='bbox 866 2831 974 2863; x_wconf 92' lang='lat' dir='ltr'>non</span> <span class='ocrx_word' id='word_1_361' title='bbox 1003 2819 1140 2863; x_wconf 92' lang='lat' dir='ltr'>foret</span> <span class='ocrx_word' id='word_1_362' title='bbox 1170 2820 1451 2864; x_wconf 91' lang='lat' dir='ltr'>obnoxius:</span> <span class='ocrx_word' id='word_1_363' title='bbox 1485 2832 1549 2864; x_wconf 95' lang='lat' dir='ltr'>ac</span> <span class='ocrx_word' id='word_1_364' title='bbox 1579 2821 1993 2865; x_wconf 85' lang='lat' dir='ltr'>distributionem</span> <span class='ocrx_word' id='word_1_365' title='bbox 2021 2821 2075 2864; x_wconf 92' lang='lat' dir='ltr'>in</span> <span class='ocrx_word' id='word_1_366' title='bbox 2103 2823 2166 2865; x_wconf 80' lang='lat' dir='ltr'>ea</span> <span class='ocrx_word' id='word_1_367' title='bbox 2197 2820 2462 2876; x_wconf 90' lang='lat' dir='ltr'>complevi</span> 
     </span>
     <span class='ocr_line' id='line_1_36' title="bbox 253 2895 2461 2953; baseline 0 -13"><span class='ocrx_word' id='word_1_368' title='bbox 253 2909 376 2941; x_wconf 92' lang='lat' dir='ltr'>meo</span> <span class='ocrx_word' id='word_1_369' title='bbox 402 2909 554 2941; x_wconf 90' lang='lat' dir='ltr'>more</span> <span class='ocrx_word' id='word_1_370' title='bbox 579 2909 675 2952; x_wconf 92' lang='lat' dir='ltr'>per</span> <span class='ocrx_word' id='word_1_371' title='bbox 700 2898 838 2940; x_wconf 92' lang='lat' dir='ltr'>dena</span> <span class='ocrx_word' id='word_1_372' title='bbox 863 2895 1057 2951; x_wconf 70' lang='lat' dir='ltr'>puncta</span> <span class='ocrx_word' id='word_1_373' title='bbox 1082 2896 1135 2939; x_wconf 91' lang='lat' dir='ltr'>in</span> <span class='ocrx_word' id='word_1_374' title='bbox 1162 2897 1365 2952; x_wconf 84' lang='lat' dir='ltr'>singulis</span> <span class='ocrx_word' id='word_1_375' title='bbox 1392 2897 1546 2941; x_wconf 91' lang='lat' dir='ltr'>sextis</span> <span class='ocrx_word' id='word_1_376' title='bbox 1567 2897 1844 2941; x_wconf 91' lang='lat' dir='ltr'>Graduum</span> <span class='ocrx_word' id='word_1_377' title='bbox 1869 2898 2107 2953; x_wconf 90' lang='lat' dir='ltr'>partibus</span> <span class='ocrx_word' id='word_1_378' title='bbox 2125 2898 2461 2941; x_wconf 81' lang='lat' dir='ltr'>transversim</span> 
     </span>
    </p>
   </div>
   <div class='ocr_carea' id='block_1_9' title="bbox 254 2973 2487 3029">
    <p class='ocr_par' dir='ltr' id='par_1_10' title="bbox 254 2973 2487 3029">
     <span class='ocr_line' id='line_1_37' title="bbox 254 2973 2487 3029; baseline 0 -12"><span class='ocrx_word' id='word_1_379' title='bbox 254 2973 510 3029; x_wconf 83' lang='lat' dir='ltr'>disposita.</span> <span class='ocrx_word' id='word_1_380' title='bbox 542 2974 731 3029; x_wconf 89' lang='lat' dir='ltr'>Sicque</span> <span class='ocrx_word' id='word_1_381' title='bbox 760 2974 880 3017; x_wconf 88' lang='lat' dir='ltr'>usus</span> <span class='ocrx_word' id='word_1_382' title='bbox 910 2976 1025 3017; x_wconf 91' lang='lat' dir='ltr'>erat</span> <span class='ocrx_word' id='word_1_383' title='bbox 1053 2974 1405 3018; x_wconf 90' lang='lat' dir='ltr'>commodior.</span> <span class='ocrx_word' id='word_1_384' title='bbox 1438 2974 1700 3026; x_wconf 90' lang='lat' dir='ltr'>Quorsum</span> <span class='ocrx_word' id='word_1_385' title='bbox 1728 2978 1908 3019; x_wconf 93' lang='lat' dir='ltr'>autem</span> <span class='ocrx_word' id='word_1_386' title='bbox 1935 2975 2203 3019; x_wconf 88' lang='lat' dir='ltr'>Distantiae</span> <span class='ocrx_word' id='word_1_387' title='bbox 2233 2975 2459 3018; x_wconf 82' lang='lat' dir='ltr'>siderum</span> <span class='ocrx_word' id='word_1_388' title='bbox 2485 2997 2487 2999; x_wconf 59' lang='lat'>&gt;</span> 
     </span>
    </p>
   </div>
   <div class='ocr_carea' id='block_1_10' title="bbox 252 3050 2459 3415">
    <p class='ocr_par' dir='ltr' id='par_1_11' title="bbox 252 3050 2459 3415">
     <span class='ocr_line' id='line_1_38' title="bbox 252 3050 2459 3106; baseline 0.001 -13"><span class='ocrx_word' id='word_1_389' title='bbox 252 3050 305 3093; x_wconf 94' lang='lat' dir='ltr'>in</span> <span class='ocrx_word' id='word_1_390' title='bbox 330 3051 488 3094; x_wconf 94' lang='lat' dir='ltr'>rebus</span> <span class='ocrx_word' id='word_1_391' title='bbox 508 3051 884 3095; x_wconf 86' lang='lat' dir='ltr'>Astronomicis</span> <span class='ocrx_word' id='word_1_392' title='bbox 910 3051 1226 3106; x_wconf 83' lang='lat' dir='ltr'>pertineant3</span> <span class='ocrx_word' id='word_1_393' title='bbox 1256 3051 1379 3095; x_wconf 93' lang='lat' dir='ltr'>alibi</span> <span class='ocrx_word' id='word_1_394' title='bbox 1400 3054 1515 3094; x_wconf 90' lang='lat' dir='ltr'>tum</span> <span class='ocrx_word' id='word_1_395' title='bbox 1536 3063 1565 3095; x_wconf 94' lang='lat' dir='ltr'>e</span> <span class='ocrx_word' id='word_1_396' title='bbox 1585 3052 1770 3096; x_wconf 85' lang='lat' dir='ltr'>nostris</span> <span class='ocrx_word' id='word_1_397' title='bbox 1788 3056 1904 3096; x_wconf 92' lang='lat' dir='ltr'>tum</span> <span class='ocrx_word' id='word_1_398' title='bbox 1925 3053 2152 3097; x_wconf 93' lang='lat' dir='ltr'>aliorum</span> <span class='ocrx_word' id='word_1_399' title='bbox 2173 3052 2459 3096; x_wconf 90' lang='lat' dir='ltr'>authorum</span> 
     </span>
     <span class='ocr_line' id='line_1_39' title="bbox 254 3127 2459 3185; baseline 0 -14"><span class='ocrx_word' id='word_1_400' title='bbox 254 3127 453 3182; x_wconf 91' lang='lat' dir='ltr'>scriptis</span> <span class='ocrx_word' id='word_1_401' title='bbox 481 3131 705 3183; x_wconf 91' lang='lat' dir='ltr'>petatur.</span> <span class='ocrx_word' id='word_1_402' title='bbox 730 3128 936 3171; x_wconf 90' lang='lat' dir='ltr'>Vtilitas</span> <span class='ocrx_word' id='word_1_403' title='bbox 966 3128 1108 3171; x_wconf 91' lang='lat' dir='ltr'>enim</span> <span class='ocrx_word' id='word_1_404' title='bbox 1137 3140 1323 3172; x_wconf 89' lang='lat' dir='ltr'>earum</span> <span class='ocrx_word' id='word_1_405' title='bbox 1351 3141 1514 3183; x_wconf 91' lang='lat' dir='ltr'>quam</span> <span class='ocrx_word' id='word_1_406' title='bbox 1540 3129 1776 3174; x_wconf 88' lang='lat' dir='ltr'>latissime</span> <span class='ocrx_word' id='word_1_407' title='bbox 1802 3132 1968 3185; x_wconf 83' lang='lat' dir='ltr'>patet:</span> <span class='ocrx_word' id='word_1_408' title='bbox 1997 3130 2038 3173; x_wconf 80' lang='lat'>81</span> <span class='ocrx_word' id='word_1_409' title='bbox 2065 3128 2459 3173; x_wconf 83' lang='lat' dir='ltr'>observationes</span> 
     </span>
     <span class='ocr_line' id='line_1_40' title="bbox 254 3203 2453 3261; baseline 0.001 -14"><span class='ocrx_word' id='word_1_410' title='bbox 254 3203 375 3248; x_wconf 74' lang='lat' dir='ltr'>dicti</span> <span class='ocrx_word' id='word_1_411' title='bbox 390 3205 626 3249; x_wconf 85' lang='lat' dir='ltr'>Cometae</span> <span class='ocrx_word' id='word_1_412' title='bbox 641 3205 821 3260; x_wconf 91' lang='lat' dir='ltr'>Capite</span> <span class='ocrx_word' id='word_1_413' title='bbox 836 3205 1064 3249; x_wconf 91' lang='lat' dir='ltr'>secundo</span> <span class='ocrx_word' id='word_1_414' title='bbox 1078 3205 1131 3248; x_wconf 92' lang='lat' dir='ltr'>in</span> <span class='ocrx_word' id='word_1_415' title='bbox 1146 3205 1300 3260; x_wconf 91' lang='lat' dir='ltr'>supra</span> <span class='ocrx_word' id='word_1_416' title='bbox 1320 3206 1595 3250; x_wconf 90' lang='lat' dir='ltr'>nominato</span> <span class='ocrx_word' id='word_1_417' title='bbox 1616 3207 1749 3251; x_wconf 92' lang='lat' dir='ltr'>libro</span> <span class='ocrx_word' id='word_1_418' title='bbox 1771 3207 2056 3259; x_wconf 86' lang='lat' dir='ltr'>recenfitae,</span> <span class='ocrx_word' id='word_1_419' title='bbox 2079 3219 2200 3261; x_wconf 86' lang='lat' dir='ltr'>quae</span> <span class='ocrx_word' id='word_1_420' title='bbox 2219 3206 2324 3250; x_wconf 93' lang='lat' dir='ltr'>hoc</span> <span class='ocrx_word' id='word_1_421' title='bbox 2343 3206 2453 3261; x_wconf 90' lang='lat' dir='ltr'>ipso</span> 
     </span>
     <span class='ocr_line' id='line_1_41' title="bbox 255 3282 2454 3339; baseline 0 -15"><span class='ocrx_word' id='word_1_422' title='bbox 255 3282 486 3325; x_wconf 88' lang='lat' dir='ltr'>sextante</span> <span class='ocrx_word' id='word_1_423' title='bbox 515 3282 729 3334; x_wconf 89' lang='lat' dir='ltr'>fiebant,</span> <span class='ocrx_word' id='word_1_424' title='bbox 762 3283 1007 3337; x_wconf 91' lang='lat' dir='ltr'>exempla</span> <span class='ocrx_word' id='word_1_425' title='bbox 1034 3282 1221 3325; x_wconf 93' lang='lat' dir='ltr'>talium</span> <span class='ocrx_word' id='word_1_426' title='bbox 1250 3282 1593 3338; x_wconf 89' lang='lat' dir='ltr'>suppeditant,</span> <span class='ocrx_word' id='word_1_427' title='bbox 1626 3295 1746 3338; x_wconf 87' lang='lat' dir='ltr'>quae</span> <span class='ocrx_word' id='word_1_428' title='bbox 1777 3284 1949 3339; x_wconf 90' lang='lat' dir='ltr'>capite</span> <span class='ocrx_word' id='word_1_429' title='bbox 1976 3283 2206 3338; x_wconf 90' lang='lat' dir='ltr'>sequenti</span> <span class='ocrx_word' id='word_1_430' title='bbox 2233 3294 2328 3338; x_wconf 94' lang='lat' dir='ltr'>per</span> <span class='ocrx_word' id='word_1_431' title='bbox 2351 3282 2454 3326; x_wconf 91' lang='lat' dir='ltr'>Tri-</span> 
     </span>
     <span class='ocr_line' id='line_1_42' title="bbox 254 3359 2285 3415; baseline 0.001 -14"><span class='ocrx_word' id='word_1_432' title='bbox 254 3359 567 3413; x_wconf 92' lang='lat' dir='ltr'>angulorum</span> <span class='ocrx_word' id='word_1_433' title='bbox 588 3359 985 3413; x_wconf 84' lang='lat' dir='ltr'>Sphaericorum</span> <span class='ocrx_word' id='word_1_434' title='bbox 1004 3359 1281 3403; x_wconf 91' lang='lat' dir='ltr'>ratiocinia</span> <span class='ocrx_word' id='word_1_435' title='bbox 1301 3370 1366 3403; x_wconf 94' lang='lat' dir='ltr'>eo</span> <span class='ocrx_word' id='word_1_436' title='bbox 1387 3359 1733 3413; x_wconf 92' lang='lat' dir='ltr'>deducuntur,</span> <span class='ocrx_word' id='word_1_437' title='bbox 1757 3372 1863 3415; x_wconf 91' lang='lat' dir='ltr'>quo</span> <span class='ocrx_word' id='word_1_438' title='bbox 1883 3361 2136 3404; x_wconf 88' lang='lat' dir='ltr'>destinata</span> <span class='ocrx_word' id='word_1_439' title='bbox 2157 3361 2285 3404; x_wconf 90' lang='lat' dir='ltr'>sunt.</span> 
     </span>
    </p>
   </div>
   <div class='ocr_carea' id='block_1_11' title="bbox 2271 3440 2453 3492">
    <p class='ocr_par' dir='ltr' id='par_1_12' title="bbox 2271 3440 2453 3492">
     <span class='ocr_line' id='line_1_43' title="bbox 2271 3440 2453 3492; baseline -0.005 0"><span class='ocrx_word' id='word_1_440' title='bbox 2271 3440 2453 3492; x_wconf 90' lang='lat' dir='ltr'>Hunc</span> 
     </span>
    </p>
   </div>
   <div class='ocr_carea' id='block_1_12' title="bbox 2530 1978 2558 2022">
    <p class='ocr_par' dir='ltr' id='par_1_13' title="bbox 2530 1978 2558 2022">
     <span class='ocr_line' id='line_1_44' title="bbox 2530 1978 2558 2022; textangle 90"><span class='ocrx_word' id='word_1_441' title='bbox 2530 1978 2558 2022; x_wconf 55' lang='grc' dir='ltr'>,μ</span> 
     </span>
    </p>
   </div>
   <div class='ocr_carea' id='block_1_13' title="bbox 2511 2283 2558 2319">
    <p class='ocr_par' dir='ltr' id='par_1_14' title="bbox 2511 2283 2558 2319">
     <span class='ocr_line' id='line_1_45' title="bbox 2511 2283 2558 2319; baseline 0.021 -1"><span class='ocrx_word' id='word_1_442' title='bbox 2511 2283 2558 2319; x_wconf 87' lang='grc'>25</span> 
     </span>
    </p>
   </div>
   <div class='ocr_carea' id='block_1_14' title="bbox 2508 3059 2554 3094">
    <p class='ocr_par' dir='ltr' id='par_1_15' title="bbox 2508 3059 2554 3094">
     <span class='ocr_line' id='line_1_46' title="bbox 2508 3059 2554 3094; baseline 0 0"><span class='ocrx_word' id='word_1_443' title='bbox 2508 3059 2554 3094; x_wconf 85' lang='grc'>35</span> 
     </span>
    </p>
   </div>
  </div>
 </body>
</html>
