2638 3952
73 1145 115 1180 10

75 1531 117 1566 1⁵

373 303 983 358 ASTRONOMIAE
1009 302 1576 356 INSTAURATAE
1603 302 2151 357 MECHANICA
2296 305 2366 357 55

166 444 451 488 latitudinis
471 444 626 499 supra
652 444 736 487 vel
763 443 920 486 infra:
948 446 1105 498 prout
1130 442 1250 486 haeo
1272 442 1521 487 Australis
1547 444 1630 486 vel
1658 442 1825 486 Borea
1851 443 2026 486 fuerit:
2056 444 2229 498 licque
2254 447 2366 487 tam

166 522 433 578 longitudo
455 533 619 576 quam
638 520 860 564 latitudo
882 520 1000 564 astri
1025 519 1276 575 propositi
1301 519 1455 563 facile
1481 520 1712 575 patescit.
1742 520 1890 563 Licet
1909 531 2039 563 vero
2059 520 2163 564 hoc
2183 522 2369 564 Armil-

165 600 277 642 lare
291 598 698 642 Instrumentum
719 597 982 641 stellarum
1002 596 1133 641 locis
1154 596 1259 641 cito
1280 597 1321 639 81
1341 600 1587 652 prompte
1604 597 1936 640 dimetiendis
1951 599 2367 642 accommodum

167 677 239 728 fit,
268 679 427 730 atque
450 675 553 718 hac
574 675 835 730 explicata
857 674 1031 718 forma
1053 687 1084 718 a
1104 673 1258 718 nobis
1278 673 1649 726 construcstum‚
1679 674 1853 717 minus
1874 686 2036 729 quam
2058 674 2204 727 alias,
2233 676 2366 727 suas,

167 764 299 807 quas
319 752 567 804 continet,
589 752 836 795 Armillas
856 754 1007 795 extra
1027 751 1263 795 debitum
1283 752 1503 806 planum
1523 751 1775 795 vacillare
1794 751 2080 806 permittat,
2101 755 2283 795 tamen
2303 765 2367 796 ne

166 830 234 874 fic
254 829 470 884 quidem
489 829 543 872 id
563 829 699 873 adeo
721 826 905 872 exacste
925 833 1198 883 praecavet
1217 829 1342 884 quin
1361 829 1515 872 unius
1535 829 1620 872 vel
1641 828 1855 872 alterius
1876 828 2061 871 minuti
2081 828 2203 873 hinc
2221 840 2370 873 error

165 906 423 962 obrepere
441 906 609 961 possit:
631 905 966 960 potissimum,
989 906 1110 960 quia
1125 906 1347 949 Armilla
1361 906 1656 949 Zodiacalis
1676 917 1784 949 non
1799 905 1993 960 ubique
2007 906 2060 949 in
2074 906 2368 960 aequilibrio

163 983 408 1035 volvitur,
440 983 527 1027 sed
554 983 644 1026 suo
674 983 910 1038 pondere
937 982 987 1026 se
1013 986 1172 1037 atque
1198 983 1330 1027 alias
1358 983 1594 1027 nonnihil
1621 986 1772 1026 extra
1800 983 1978 1026 debita
2006 984 2181 1038 plana,
2212 983 2369 1037 idque

164 1060 529 1112 diverfimode‚
560 1059 827 1103 distrahat.
858 1060 1030 1114 Atque
1056 1060 1179 1104 hinc
1206 1059 1422 1112 fadium,
1452 1063 1510 1103 ut
1538 1060 1708 1103 rarius
1736 1060 1930 1103 talibus
1955 1060 2207 1112 Armillis3
2238 1072 2371 1115 prae-

164 1137 341 1180 sertim
367 1148 491 1180 cum
519 1137 726 1180 summa
752 1137 990 1192 praecifio
1016 1137 1313 1192 requiritur,
1340 1141 1626 1181 uteremur.
1656 1137 1793 1190 Quin
1819 1137 1993 1192 potius
2020 1137 2151 1180 alias
2171 1137 2370 1192 AEqua-

280 1214 447 1258 torlas
466 1214 714 1257 Armillas
734 1213 1170 1269 excogitavimus,
1192 1214 1314 1258 huic
1335 1215 1463 1258 vitio
1483 1226 1591 1258 non
1612 1214 1886 1259 obnoxias.
1914 1214 2068 1266 Quod
2089 1214 2251 1257 etiam

401 1292 544 1335 nullo
571 1291 736 1335 modo
762 1291 816 1334 in
841 1291 1131 1348 majoribus
1157 1291 1526 1336 Zodiacalibus
1552 1291 1825 1335 emendari
1850 1291 2031 1346 potest,
2063 1291 2131 1335 ob

521 1379 586 1412 eo
601 1368 812 1424 gravius
827 1368 1156 1412 armillarum
1173 1369 1396 1424 pondus.
1420 1370 1480 1412 In
1494 1369 1787 1413 minoribus
1801 1369 2014 1423 quidem

639 1457 748 1489 non
767 1446 903 1489 adeo
926 1446 1155 1490 senfibile
1175 1446 1261 1490 est.
1289 1448 1356 1489 At
1380 1447 1500 1490 haec
1522 1447 1611 1490 sua
1634 1446 1896 1501 parvitate

759 1522 1195 1567 observationem
1220 1524 1274 1566 in
1299 1524 1512 1567 minutis
1532 1522 1778 1567 exad’tam

1054 1612 1162 1645 non
1183 1601 1482 1644 admittunt.

1986 3449 2365 3500 ARMILLAE
