2638 3952
263 289 354 340 126
476 286 1085 340 ASTRONOMIAE
1112 286 1677 340 INSTAURATAE
1704 285 2254 341 MECHANICA

261 438 477 491 tamen,
504 436 559 482 te
580 433 642 481 in
661 436 828 481 motu
849 430 1060 482 Martis
1082 429 1445 482 observando
1467 430 1519 482 8(
1541 430 1940 483 examinando
1960 433 2221 483 maxime
2240 433 2464 484 incum-
2527 427 2531 432 “

261 501 414 562 bere,
440 517 576 553 cum
597 516 736 553 eum
757 500 1050 552 observari
1070 516 1194 552 non
1213 502 1362 566 posse
1385 500 1600 563 exacte,
1621 501 1799 567 vulgo
1819 501 2156 566 persuasum
2175 501 2260 554 fit:
2288 509 2465 567 atque

263 589 369 638 ego
390 576 453 624 in
474 574 545 624 ea
558 572 685 624 sum
698 571 919 630 haerefi,
941 579 1006 624 ut
1018 579 1221 636 putem
1235 575 1536 625 immutari
1551 573 2051 625 Eccentricitatem
2064 572 2256 638 ipsius,
2277 576 2465 638 perio·

262 645 522 708 dumque
542 643 708 695 suam
727 642 963 703 habere,
985 645 1067 695 ita
1083 650 1147 695 ut
1164 643 1283 696 alia
1296 646 1359 695 in
1374 659 1446 696 eo
1460 644 1888 696 introducenda
1901 643 1964 696 fit
1978 646 2237 709 aequatio
2252 644 2465 696 Eccen-

260 718 542 767 tricitatis:
574 714 799 779 alioqui
825 714 866 766 fi
891 714 1093 766 tabula
1120 714 1407 767 efficiatur
1434 731 1542 779 pro
1568 718 1833 768 maxima
1859 715 2312 776 Eccentricitate,
2343 731 2468 768 non
2516 733 2538 768 ⁵

260 789 470 852 poterit
482 789 748 837 minimae
763 785 1056 847 inservire,
1074 785 1125 837 8(
1140 792 1360 838 contra.
1383 787 1471 838 Ex
1485 802 1605 852 quo
1619 787 1908 848 videmuS,
1930 786 2327 851 Copemicum
2346 786 2467 851 (etfi
2515 791 2544 834 ‘r

261 859 762 910 Eccentricitatem
791 856 1129 922 hujusmodi
1154 860 1373 910 variari
1403 857 1809 923 deprehendit)
1839 873 1964 910 non
1991 858 2207 910 idcirco
2236 857 2468 910 tabulas

262 929 584 990 condidisse‚
607 944 742 993 quae
763 928 998 994 fingulis
1011 929 1373 993 temporibus
1389 932 1760 990 conveniant,
1784 929 2025 994 quando
2039 929 2252 981 Martis
2268 944 2466 994 aequa-

260 1004 449 1052 tiones
468 1000 795 1065 supputatae
811 1000 886 1052 ad
901 1000 1402 1052 Eccentricitatem
1416 1017 1453 1053 a
1469 1001 1802 1066 Copernico
1824 1000 2190 1053 observatam
2209 1003 2467 1066 partium

261 1074 310 1125 5.
332 1072 429 1124 51⁴.
452 1071 578 1123 30⁴⁴.
601 1073 790 1136 aptari
809 1074 1055 1123 minime
1075 1072 1314 1136 possunt,
1336 1072 1511 1137 ipfius
1532 1072 1834 1124 Ptolemaei
1853 1071 2231 1137 temporibuS‚
2253 1071 2467 1136 quibus
2519 1088 2562 1124 lo

260 1146 517 1209 partium
537 1143 586 1194 6.
609 1143 822 1194 Martis
843 1143 1345 1195 Eccentricitatem
1365 1143 1645 1196 definivit.
1674 1144 1817 1195 Non
1840 1144 2061 1209 possum
2081 1158 2205 1195 non
2224 1158 2466 1208 magno-

260 1230 397 1280 pere
427 1214 677 1279 probare
707 1213 966 1280 Systema
995 1214 1265 1267 Univerfi
1294 1231 1331 1267 a
1359 1221 1414 1267 te
1445 1218 1853 1280 excogitatum,
1888 1217 2161 1279 quamvis
2191 1229 2468 1279 cuperem

261 1286 413 1339 Solis
435 1285 657 1338 Orbem
678 1301 746 1337 ac
768 1286 980 1338 Martis
1000 1301 1384 1350 nequaquam
1403 1286 1516 1339 sese
1541 1286 1901 1339 intersecare.
1931 1285 2109 1349 Quod
2135 1285 2192 1346 fi,
2220 1292 2284 1338 ut
2303 1301 2341 1338 a
2358 1285 2466 1338 stu-

261 1357 421 1409 dioso
442 1357 543 1409 isto
565 1359 829 1422 cognovi,
858 1357 1117 1409 Martem
1137 1373 1497 1423 acronycum
1516 1364 1687 1409 terrae
1707 1360 1950 1422 propius
1970 1356 2264 1418 accedere,
2286 1372 2468 1422 quam

261 1429 476 1490 Solem,
495 1444 531 1480 a
547 1434 603 1480 te
619 1428 693 1480 est
708 1428 1093 1489 observatum,
1114 1428 1477 1481 intersecatio
1492 1429 1828 1494 hujusmodi
1843 1430 2089 1481 omnino
2104 1428 2467 1481 admittenda
2519 1445 2561 1480 15

262 1501 351 1553 est.
380 1501 448 1552 In
473 1515 691 1565 magna
709 1500 905 1552 versor
932 1498 1335 1564 expectatione
1361 1507 1601 1552 tuarum
1626 1500 1963 1566 hujusmodi
1989 1499 2465 1552 observationum

262 1572 314 1624 8(
333 1571 815 1636 speculationum,
844 1587 992 1636 quas
1014 1571 1065 1623 8(
1085 1571 1335 1636 probare
1357 1571 1409 1623 8(
1428 1572 1590 1636 sequi
1615 1574 1862 1623 minime
1883 1571 2234 1623 erubescam.
2264 1570 2376 1623 Etfi
2401 1573 2464 1623 in

261 1643 658 1695 construendis
691 1642 1199 1707 Ephaemeridibus
1235 1643 1611 1708 resolutisque
1642 1643 1857 1695 tabulis
1889 1659 1926 1695 a
1958 1642 2342 1707 Coperniana
2372 1657 2462 1694 ra-

259 1718 436 1775 tione,
465 1714 517 1765 8(
543 1714 755 1766 tabulis
776 1715 1099 1766 Prutenicis
1118 1730 1195 1766 ne
1215 1710 1237 1783 ΙΙ
1257 1714 1445 1766 latum
1469 1715 1709 1780 quidem
1735 1730 1997 1780 unguem
2023 1713 2252 1766 deflexi.
2280 1713 2463 1778 Spero
2480 1721 2593 1767 G4v

261 1789 455 1847 etiam,
477 1786 636 1850 quod
650 1785 1032 1838 vehementer
1046 1789 1237 1851 cupio,
1259 1789 1517 1851 primum
1532 1793 1702 1838 tuum
1717 1786 1788 1839 de
1802 1786 2011 1838 mundi
2024 1784 2289 1838 AEtherei
2302 1784 2463 1850 phae-
2513 1801 2560 1837 20

260 1859 532 1909 nomenis
546 1856 779 1917 librum,
796 1873 975 1921 quem
989 1860 1202 1909 iterum
1217 1858 1513 1910 editurum
1526 1857 1834 1922 polliceris,
1855 1856 1970 1909 hoc
1984 1872 2146 1909 anno
2159 1855 2463 1910 lecturum.

261 1928 619 1994 Significavit
638 1927 787 1980 mihi
806 1928 958 1993 saepe
979 1927 1164 1981 dictus
1181 1929 1462 1981 studiosus
1476 1929 1580 1982 abs
1594 1936 1649 1981 te
1665 1929 1975 1981 defiderari
1988 1929 2236 1980 Verneri
2249 1927 2466 1980 librum

261 2001 332 2052 de
350 2006 516 2052 motu
531 1998 755 2064 oc'tavae
771 2000 1051 2064 Sphaerae,
1075 2016 1254 2065 quem
1269 2016 1405 2053 cum
1418 2002 1540 2053 tota
1555 2000 1886 2053 Germania
1900 1999 2293 2064 conquisieriS,
2314 2014 2464 2051 nun-

262 2087 445 2136 quam
470 2078 671 2123 tamen
697 2074 963 2124 invenire
989 2075 1266 2136 potueriS.
1295 2072 1497 2136 Quare
1524 2088 1714 2124 unum
1741 2087 1848 2137 ego
1869 2071 1971 2136 ipfi
1992 2070 2294 2135 exemplar
2313 2070 2464 2130 dedi,
2514 2075 2542 2118 ’ὲ

262 2150 326 2195 ut
345 2144 404 2195 id
425 2143 499 2195 ad
513 2150 568 2194 te
582 2158 718 2195 meo
734 2146 976 2195 nomine
991 2144 1413 2195 transmitteret.
1436 2144 1496 2196 Si
1511 2144 1653 2208 quid
1668 2146 1774 2195 erit
1788 2143 1966 2204 aliud,
1989 2142 2149 2207 quod
2162 2144 2266 2194 tua
2279 2142 2466 2194 caussa
2514 2159 2560 2194 25

262 2214 492 2267 efficere
513 2215 728 2279 possim,
750 2215 1255 2279 perhonorificum
1275 2216 1506 2275 ducam,
1528 2222 1592 2267 ut
1606 2222 1711 2267 ate
1732 2214 1880 2266 mihi
1899 2217 2235 2278 imperetur,
2257 2216 2351 2266 cui
2367 2228 2464 2266 ve-

259 2287 364 2338 lim
394 2288 599 2338 omnia
626 2285 867 2338 feliciter
897 2290 1150 2348 evenire,
1181 2293 1358 2352 atque
1385 2290 1605 2352 optime
1632 2287 1735 2338 esse
1763 2285 2107 2338 consultum.
2138 2285 2275 2337 Hoc
2303 2300 2465 2337 anno

260 2358 491 2422 publice
507 2360 990 2422 interpretaturus
1002 2358 1131 2410 sum
1145 2374 1310 2410 meas
1323 2358 1665 2411 Coelestium
1678 2357 1929 2411 Orbium
1942 2356 2313 2422 hypotheses:
2329 2371 2466 2421 quae

260 2428 408 2480 mihi
421 2429 582 2481 bona
596 2432 703 2480 erit
716 2429 956 2490 occafi0,
970 2444 1106 2494 quae
1120 2433 1183 2481 in
1196 2429 1311 2482 hoc
1324 2445 1536 2495 genere
1552 2445 1589 2481 a
1601 2445 1697 2481 me
1713 2429 1869 2481 edita
1881 2428 2026 2489 sunt,
2038 2428 2212 2493 longe
2226 2427 2466 2480 uberius

262 2500 554 2565 explicare
571 2500 657 2564 (ut
665 2503 791 2565 J'am
805 2500 997 2552 facere
1013 2502 1294 2567 aggressus
1307 2500 1457 2564 sum)
1474 2500 1526 2552 8(
1541 2502 1978 2552 commentariis
1993 2515 2061 2551 ac
2078 2499 2467 2551 Geometricis
2516 2515 2564 2551 30

262 2571 867 2631 demonstrationibuS‚
901 2572 1528 2637 supputationibusque
1561 2572 1860 2624 illustrare.
1896 2570 2050 2634 Quae
2081 2577 2283 2622 tamen
2312 2585 2468 2622 com-

261 2645 552 2695 mentaria
563 2642 903 2707 priusquam
913 2643 1132 2707 publici
1139 2646 1288 2708 Juris
1301 2642 1647 2704 efficiantur;
1660 2643 1907 2695 libenter
1916 2658 2023 2707 ego
2031 2642 2470 2694 lucubrationes

261 2721 393 2766 tuas
405 2713 764 2779 cognoscere,
779 2714 831 2765 8(
842 2714 1164 2780 intelligere
1179 2715 1374 2775 velim,
1390 2721 1453 2766 ut
1466 2721 1599 2767 tuas
1613 2729 1852 2779 quoque
1866 2713 2285 2778 suppositiones
2298 2715 2370 2765 iis
2383 2715 2469 2764 in-

262 2786 447 2837 serere
463 2785 514 2837 &
531 2785 823 2849 explicare
837 2787 1052 2850 possim.
1070 2787 1159 2838 Ac
1173 2802 1248 2837 ne
1262 2786 1366 2838 tibi
1378 2785 1711 2850 prolixitate
1725 2787 1913 2837 nimia
1925 2785 2029 2836 fim
2042 2783 2351 2845 molestior,
2372 2783 2470 2836 hic

262 2857 477 2909 faciam
488 2856 771 2908 scribendi
781 2856 963 2909 finem
974 2873 985 2918 ;
998 2864 1052 2909 te
1064 2873 1278 2923 rogans
1291 2860 1503 2909 iterum
1515 2863 1691 2922 atque
1703 2860 1933 2916 iterum,
1945 2863 2009 2908 ut
2019 2871 2217 2908 meam
2227 2858 2291 2907 in
2301 2862 2357 2907 te
2369 2855 2467 2907 ob·
2519 2871 2566 2907 35

262 2928 613 2980 servantiam
627 2927 919 2980 benevolo
935 2931 1192 2993 excipias
1207 2931 1427 2989 anim0,
1441 2928 1703 2993 bonique
1718 2927 2002 2980 consulaS.
2022 2927 2313 2979 Bononiae
2328 2926 2468 2979 Idib.

264 2999 553 3064 septemb·
576 2999 719 3052 159⁰·
1052 3023 1257 3076 Illustri
1278 3024 1671 3076 dominationi
1689 3030 1809 3077 tuae
1830 3021 2256 3075 Addic‘tissimus

1230 3095 1326 3157 JO.
1354 3095 1615 3147 ANTON.
1644 3095 1973 3147 MAGINUS
1999 3094 2396 3146 PATAVINUS.

477 3188 657 3231 Altera
677 3188 908 3243 eiusdem
930 3186 1215 3231 Dod'tissimi
1236 3187 1432 3242 Magini
1453 3186 1690 3241 Epistola,
1712 3186 1847 3229 libro
1868 3186 2099 3238 cuidam,
2125 3197 2284 3240 quem
2304 3184 2470 3228 Tabu-
2518 3191 2565 3226 40

407 3248 514 3290 lam
543 3247 946 3301 Tetragonicam
975 3247 1220 3298 inscribit,
1253 3246 1382 3289 mihi
1411 3246 1674 3297 dedicato,
1704 3245 1944 3301 praefixa.
1976 3246 2107 3288 Eum
2136 3248 2318 3287 tamen
2347 3247 2469 3287 ante

408 3318 577 3350 annos
598 3307 685 3349 sex
705 3307 921 3359 editum,
948 3307 1014 3349 ab
1038 3306 1147 3360 ipso
1171 3306 1382 3361 Magino
1404 3305 1610 3348 missum
1630 3316 1738 3348 non
1759 3305 1963 3359 accepi;
1996 3304 2084 3347 sed
2102 3303 2281 3358 postea
2301 3302 2471 3346 obiter

408 3366 550 3419 apud
563 3365 910 3420 Bibliopolam
922 3366 1212 3417 inventum,
1227 3365 1444 3420 quidam
1456 3375 1522 3407 ex
1533 3364 1666 3407 meis
1677 3363 2026 3408 Astronomiae
2040 3362 2271 3406 studiosis
2283 3361 2467 3406 attulit.

1993 3423 2468 3490 NOBILITATE
