2644 3978
740 284 1437 339 ANNOTATIONES
1465 284 1874 338 EDITORIS
2309 286 2413 338 335

276 421 360 464 Ad
384 421 524 467 hanc
550 425 792 469 tabulam
818 425 1043 480 pertinet
1068 424 1180 468 sine
1207 423 1367 467 dubio
1394 423 1514 467 1180
1542 424 1831 476 annotatio,
1861 436 2025 479 quam
2050 436 2147 468 sua
2172 437 2338 467 manu
2360 425 2413 468 in

206 492 393 537 codice
418 493 818 540 vindobonensi
846 495 1031 539 10688¹⁷
1058 494 1146 539 fol.
1179 494 1227 536 lv
1252 494 1462 550 scripsit
1486 494 1691 549 Tycho:
1724 495 1907 547 »Quod
1933 496 1969 538 fi
1996 495 2177 539 omnia
2203 495 2307 539 hac
2334 508 2414 539 ra-

203 563 348 608 tione
377 565 418 608 &
446 565 594 610 iuxta
624 566 765 610 hanc
794 566 1036 609 tabulam
1067 565 1354 609 succedunt
1381 565 1435 609 in
1464 565 1737 610 latitudine
1771 568 1840 622 ἅ,
1874 567 2165 621 praesertim
2198 568 2412 621 quando

206 638 329 679 ante
349 635 621 680 biennium
640 637 903 681 maiorem
922 636 1109 681 habuit
1128 635 1459 680 latitudinem
1481 640 1638 680 antea
1660 649 1823 691 quam
1842 637 2023 692 inipso
2046 638 2413 693 achronychio

206 706 316 759 situ,
342 709 469 751 tunc
491 708 595 751 alia
614 708 820 752 ratione
839 708 1111 763 negotium
1131 707 1559 762 aggrediendum,
1587 708 1726 752 forte
1746 709 1890 763 quod
1909 709 2029 752 1180
2050 711 2259 752 motum
2279 708 2414 751 Solis

204 788 395 821 verum
420 779 714 834 respiciant,
742 780 827 822 vel
854 789 1188 834 quaecunque
1213 779 1434 822 tandem
1461 779 1564 822 alia
1592 779 1744 822 sublit
1770 781 1982 823 occulta
2009 779 2212 823 causa«.
2234 779 2413 823 Verba

208 852 358 893 »ante
385 849 679 894 biennium«
710 849 998 905 respiciunt
1024 861 1225 892 annum
1259 849 1387 902 1593,
1417 850 1553 894 inter
1582 851 1732 906 quus
1760 850 1885 893 anni
1914 850 2315 894 observationes
2343 850 2414 907 (in

203 924 388 965 nostro
409 921 597 965 codice
617 922 673 977 E)
691 922 789 965 sub
811 932 995 964 mense
1014 921 1250 976 Augusto
1278 924 1400 976 post
1420 921 1657 965 calculos
1678 922 1959 975 quosdam,
1986 921 2178 976 quibus
2201 924 2414 976 tempus

204 991 552 1046 oppositionis
585 992 771 1036 Martis
803 991 1185 1047 discipulorum
1218 991 1405 1047 aliquis
1438 992 1796 1036 determinare
1827 992 2041 1044 studuit,
2077 992 2197 1036 1180
2228 992 2413 1047 Tycho

204 1062 432 1118 scripsit:
466 1063 918 1107 »consideratione
945 1063 1161 1118 dignum
1188 1063 1259 1107 est
1286 1064 1429 1118 quod
1454 1064 1502 1119 (3⁸
1528 1063 1672 1107 circa
1696 1063 1750 1107 10
1770 1063 1912 1107 diem
1931 1063 2142 1119 Augusti
2167 1063 2415 1106 habuerit

202 1133 499 1177 maximam
520 1133 852 1178 latitudinem
874 1134 1158 1178 austrinam
1182 1134 1223 1177 81
1243 1134 1422 1189 postea
1443 1134 1754 1186 decreuerit,
1780 1135 1853 1178 ita
1873 1138 1929 1178 vt
1950 1134 2034 1178 die
2053 1134 2112 1177 24
2131 1134 2185 1177 in
2206 1140 2246 1186 ὁ)
2270 1135 2413 1189 quafi

202 1206 226 1252 t
245 1205 439 1260 gradus
464 1205 684 1261 propior
702 1205 970 1260 Eclipticae
990 1205 1227 1249 redditus
1247 1206 1320 1258 fit,
1350 1206 1494 1260 quod
1518 1209 1703 1249 tamen
1723 1206 1966 1250 Canones
1985 1206 2147 1250 etiam
2168 1209 2414 1249 correcto

202 1275 488 1320 latitudinis
526 1277 782 1321 maximae
819 1278 940 1321 loco
978 1277 1032 1320 in
1074 1276 1126 1320 18
1157 1286 1216 1324 m
1247 1288 1589 1332 nequaquam
1622 1276 1887 1330 exhibent,
1928 1276 2414 1332 quomodocunque

203 1346 493 1391 assumatur
510 1348 613 1392 illic
634 1348 875 1392 maxima
895 1348 1134 1401 latitudo,
1156 1348 1306 1392 cuius
1326 1348 1404 1392 rei
1423 1349 1583 1392 causa
1604 1348 1823 1392 studiose
1843 1348 2156 1403 inquirenda
2174 1348 2364 1392 venit«.

275 1418 409 1463 Haec
437 1419 711 1463 annotatio
734 1420 1022 1475 Keplerum
1050 1431 1158 1463 non
1182 1419 1381 1471 fefellit,
1410 1419 1500 1474 qui
1525 1419 1686 1475 capiti
1708 1419 1872 1463 LXVI
1899 1419 2414 1464 commentariorum

203 1490 269 1534 de
294 1491 529 1534 motibus
554 1491 723 1534 stellae
747 1491 935 1534 Martis
960 1489 1081 1548 (Op.
1105 1491 1177 1534 111
1202 1503 1252 1546 p.
1274 1491 1381 1548 422)
1407 1503 1529 1535 eam
1557 1491 1788 1544 inseruit,
1817 1503 1943 1535 cum
1962 1492 2076 1547 Jam
2101 1491 2155 1534 in
2180 1502 2297 1546 cap.
2320 1490 2414 1533 XV

201 1559 322 1618 (Op.
346 1561 418 1605 111
437 1573 488 1617 p.
509 1562 616 1619 237)
641 1562 974 1606 latitudinem
1001 1562 1302 1606 maximam
1328 1562 1514 1606 diebus
1544 1562 1598 1606 14
1625 1566 1747 1607 ante
1771 1562 2161 1618 oppositionem
2182 1562 2414 1606 Martem

201 1632 452 1677 habuisse
478 1634 788 1689 prolocutus
814 1638 968 1678 esset.
998 1635 1073 1677 Ex
1099 1633 1443 1678 annotatione
1469 1637 1667 1687 autem,
1696 1646 1818 1689 quae
1842 1634 1896 1677 in
1922 1634 2108 1678 codice
2138 1632 2280 1677 10688
2290 1635 2322 1661 ¹⁷
2341 1633 2414 1676 in-

201 1703 426 1757 venitur,
454 1716 580 1748 cum
609 1717 656 1749 a.
686 1704 798 1748 1595
825 1705 1024 1760 scripta
1049 1705 1130 1758 sit,
1158 1705 1263 1749 hoc
1291 1716 1503 1760 quoque
1530 1705 1800 1758 discimus,
1822 1706 1937 1761 jam
1961 1708 2077 1749 tum
2102 1704 2412 1759 Tychonem

201 1775 542 1829 dubitavisse,
576 1780 789 1821 rectene
822 1776 1039 1820 dixisset
1069 1777 1406 1832 planetarum
1438 1780 1617 1820 motus
1653 1776 1975 1832 »simplicem
2007 1775 2055 1833 [i.
2084 1788 2128 1820 e.
2156 1775 2412 1833 medium]

201 1846 336 1890 Solis
355 1850 566 1891 motum
585 1848 888 1892 necessario
907 1848 1199 1904 respicere«
1215 1847 1528 1905 (Progymn.
1544 1859 1594 1903 p.
1610 1847 1689 1900 36;
1715 1846 1814 1903 Op.
1830 1851 1961 1892 tom.
1978 1847 2024 1891 11
2038 1859 2088 1903 p.
2104 1847 2248 1905 32‚20).
2272 1846 2412 1890 Nam

202 1918 272 1961 ad
301 1922 651 1973 apparentem
680 1919 791 1963 sive
819 1931 1010 1963 verum
1039 1919 1173 1963 Solis
1201 1920 1383 1963 locum
1415 1919 1582 1963 Lunae
1612 1930 1677 1963 ac
1706 1920 2044 1974 planetarum
2074 1921 2252 1963 motus
2283 1918 2413 1962 refe-

201 1990 395 2033 rendos
427 2001 560 2043 esse,
594 1991 763 2035 multo
795 1994 917 2046 post
947 1991 1290 2046 perspicuum
1323 1991 1371 2034 ei
1402 1990 1606 2034 factum
1639 1994 1718 2034 est
1749 1990 2060 2047 (Progymn.
2089 2002 2138 2044 p.
2167 1989 2276 2042 820;
2310 1987 2410 2044 Op.

200 2064 331 2106 tom.
354 2062 425 2105 111
445 2074 495 2117 p.
517 2061 681 2120 322‚⁹).

272 2132 332 2176 In
340 2132 550 2176 theoria
559 2133 864 2186 latitudinis,
875 2146 1040 2189 quam
1049 2145 1183 2189 prop
1189 2133 1327 2177 osuit
1335 2134 1810 2188 Longomontanus
1817 2131 2189 2189 (Astronomia
2197 2131 2410 2175 Danica

202 2204 283 2247 ed.
304 2204 349 2256 2,
370 2216 420 2259 p.
436 2204 543 2261 400)
563 2205 850 2249 anomaliae
870 2206 1016 2249 nulla
1036 2205 1300 2249 correctio
1322 2205 1559 2248 adhibita
1578 2207 1674 2248 est.
1697 2205 2096 2249 correctionem
2114 2214 2244 2247 vero
2266 2216 2298 2246 a
2316 2203 2413 2258 Ty-

201 2275 376 2320 chone
396 2275 692 2320 adhibitam
713 2276 892 2332 aliquo
910 2277 1075 2321 modo
1091 2288 1217 2320 cum
1232 2288 1296 2320 ea
1310 2276 1687 2331 inaequalitate,
1710 2288 1874 2331 quam
1887 2276 1940 2319 in
1953 2275 2122 2319 tribus
2134 2275 2412 2330 superiori-

202 2347 301 2390 bus
319 2347 545 2402 planetis
564 2347 840 2392 invenerat
858 2347 982 2401 (vid.
1000 2350 1178 2391 annot.
1197 2347 1266 2391 ad
1285 2350 1416 2392 tom.
1432 2347 1503 2391 VI
1518 2359 1567 2402 p.
1583 2347 1758 2404 236‚2⁶),
1782 2347 2125 2403 conjunctam
2145 2357 2277 2398 esse,
2300 2349 2411 2389 veri

201 2417 371 2462 simile
390 2430 498 2463 non
519 2422 613 2463 est.

378 2549 440 2594 V.
479 2549 752 2593 TABULA
780 2550 1215 2594 LATITUDINIS
1243 2549 1488 2593 MARTIS
1515 2548 1662 2593 CUM
1690 2549 1838 2593 SUIS
1864 2547 2229 2593 SCRUPULIS

531 2619 1194 2665 PROPORTIONALIBUS
1218 2621 1265 2663 A
1294 2620 1333 2666 Ω
1362 2621 1435 2664 ΙΝ
1462 2620 1753 2663 LIMITEM
1781 2620 2075 2665 BOREUM.

274 2702 407 2747 Haec
427 2704 612 2748 tabula
631 2704 895 2748 invenitur
912 2704 967 2747 in
985 2707 1170 2748 nostro
1191 2704 1378 2748 codice
1400 2704 1462 2757 K,
1484 2703 1592 2747 foll.
1614 2703 1866 2756 341—344,
1889 2704 1959 2747 ad
1976 2703 2142 2747 finem
2163 2702 2410 2746 observa-

199 2775 406 2819 tionum
434 2775 922 2829 transscriptarum‚
954 2787 1075 2829 quae
1104 2775 1265 2819 factae
1295 2778 1447 2818 erant
1476 2787 1524 2818 a.
1557 2774 1684 2818 1598.
1716 2774 1923 2830 Scripta
1952 2777 2032 2818 est
2055 2774 2214 2818 valde
2242 2774 2411 2828 negle-

201 2849 396 2901 genter.
426 2845 805 2901 Complectitur
828 2846 1023 2901 gradus
1044 2859 1076 2889 a
1096 2846 1124 2889 0
1143 2846 1196 2889 111
1214 2845 1324 2898 36ος
1353 2857 1478 2889 011111
1498 2857 1627 2890 vero
1648 2846 1835 2901 singuli
1855 2846 2179 2901 quadrantes
2198 2844 2333 2888 inter
2351 2856 2410 2887 se

201 2919 511 2972 congruant,
532 2916 660 2961 satis
680 2917 967 2961 habuimus
984 2917 1218 2972 primum
1232 2928 1421 2960 eorum
1437 2917 1750 2972 exprimere.
1773 2917 1964 2961 Differt
1978 2919 2158 2960 autem
2174 2928 2206 2959 a
2220 2915 2409 2959 ceteris

201 2988 462 3044 ejusmodi
474 2988 668 3032 tabulis
682 2999 764 3041 eo,
784 2989 928 3043 quod
943 3001 975 3032 a
988 2989 1132 3033 nodo
1148 2989 1485 3041 ascendente,
1507 3000 1615 3032 non
1629 3000 1661 3032 a
1675 2988 1839 3032 limite
1853 2987 2140 3032 latitudinis
2155 2986 2408 3030 maxima:

201 3058 383 3103 boreae
403 3058 609 3103 initium
630 3060 786 3114 capit.

273 3129 502 3185 Dignum
522 3133 616 3182 est,
638 3131 782 3185 quod
802 3130 888 3174 hic
910 3134 1382 3184 commemoretur,
1403 3131 1458 3174 in
1477 3131 1663 3174 codice
1677 3130 2076 3174 vindobonensi
2095 3131 2183 3173 lat.
2207 3129 2406 3180 1068683,

202 3200 291 3255 qui
317 3200 444 3244 folia
468 3200 527 3244 28
553 3201 940 3257 complectitur,
972 3202 1210 3245 calculos
1239 3203 1522 3246 nonnullos
1547 3201 1768 3245 inveniri
1798 3202 1921 3245 »Pro
1941 3201 2271 3256 exploranda
2299 3200 2409 3242 lati-

199 3271 380 3315 tudine
405 3273 453 3327 d·
483 3274 558 3323 ΘΗ
582 3284 745 3327 quam
771 3272 1015 3327 proxime
1041 3273 1353 3329 conjuncti«.
1381 3274 1463 3316 Ad
1488 3273 1651 3316 finem
1678 3272 1917 3327 perducti
1943 3283 2051 3315 non
2070 3274 2191 3315 sunt
2210 3271 2282 3313 illi
2302 3270 2409 3324 qui-

202 3343 348 3394 dem;
370 3343 446 3386 sic
466 3354 597 3387 vero
617 3343 872 3398 incipiunt
890 3343 999 3400 (fol.
1027 3343 1112 3400 l‘):
