2638 3952
90 1219 132 1255 10

91 1606 133 1641 15

90 1992 135 2027 20

91 3151 137 3186 35

394 299 1003 355 ASTRONOMIAE
1030 298 1596 351 INSTAURATAE
1624 298 2173 351 MECHANICA
2316 299 2383 351 37

711 443 1258 507 EXPLICATIO
1289 443 1713 505 FABRICAE
1743 443 1855 504 ET

1164 544 1402 606 VSVS.

644 670 765 715 VIN
796 671 837 714 81
865 670 951 714 hic
979 669 1262 721 Quadrans
1291 681 1320 712 e
1351 670 1514 713 solido
1542 668 1775 712 totaliter
1804 668 2047 712 constans
2078 669 2314 724 Chalybe
2344 671 2384 712 8ι

579 772 593 789 2
646 748 922 800 Quadrato
950 747 1158 801 insuper
1187 747 1459 801 Chalybeo
1487 746 1828 790 circundatus
1854 746 2046 789 eadem
2075 746 2287 800 praestat
2315 749 2386 789 at·

646 837 749 880 que
775 824 1116 876 antecedens;
1144 823 1255 867 imo
1284 824 1459 868 adhuc
1482 823 1735 875 subtilius;
1765 835 1890 867 cum
1915 823 2274 878 magnitudine
2296 824 2384 866 sua

645 902 794 945 illum
831 901 1068 945 nonnihil
1106 901 1347 945 excedat.
1394 901 1573 944 Habet
1604 901 1747 944 enim
1780 913 1812 943 a
1844 903 2027 944 centro
2062 900 2131 943 ad
2164 900 2387 944 circum-

452 1036 458 1038 *
540 958 601 1054 J<
646 979 926 1023 ferentiam
951 979 1122 1023 ferme
1148 978 1378 1033 quinque
1399 978 1622 1030 cubitos,
1650 981 1846 1033 praeter
1866 977 2200 1030 Quadratum
2223 977 2384 1021 etiarn

417 1050 419 1052 ’
488 1030 582 1066 Q
646 1068 675 1100 e
698 1056 860 1101 solido
881 1056 1125 1101 constans
1145 1056 1398 1111 Chalybe,
1422 1056 1566 1111 quod
1585 1056 1735 1099 illum
1756 1055 1938 1099 ambit.
1968 1055 2080 1110 Ipse
2100 1066 2229 1099 vero
2251 1055 2388 1107 Qua-

181 1134 342 1178 drans
368 1133 436 1177 ab
463 1136 526 1177 ea
554 1138 720 1189 parte,
749 1136 852 1189 qua
880 1134 1156 1178 divisiones
1183 1133 1312 1185 sunt,
1341 1133 1677 1177 Orichalcica
1702 1133 1902 1176 lamina
1929 1133 2065 1176 adeo
2090 1132 2296 1176 affabre
2316 1132 2387 1175 in·

182 1209 367 1255 ducstus
388 1210 474 1263 est,
497 1214 556 1254 ut
576 1211 691 1266 quis
712 1211 852 1255 hanc
873 1211 1016 1255 ferro
1037 1211 1455 1266 conglutinatam
1475 1214 1705 1266 putaret:
1734 1210 1894 1265 idque
1914 1213 2213 1265 propterea,
2243 1210 2387 1264 quod

181 1288 526 1332 orichalcum
562 1288 770 1332 subtiles
806 1288 1084 1332 divisiones
1118 1286 1310 1331 rectius
1347 1288 1601 1340 sustineat,
1637 1300 1799 1342 quam
1830 1287 2076 1342 Chalybs,
2116 1290 2231 1330 utut
2267 1287 2387 1330 satis

180 1365 436 1422 levigatus
462 1366 535 1418 sit,
562 1377 661 1409 nec
681 1365 905 1421 rubigini
923 1366 997 1409 ita
1017 1365 1294 1410 obnoxius.
1325 1364 1739 1410 subdividuntur
1759 1368 1941 1408 autern
1962 1364 2141 1420 singuli
2161 1364 2385 1415 Gradus,

181 1455 289 1488 non
310 1443 494 1487 saltem
513 1443 566 1486 in
586 1443 782 1498 lingula
801 1443 1021 1495 minuta,
1047 1444 1134 1487 sed
1155 1444 1196 1486 ἃ
1217 1443 1489 1498 quodlibet
1507 1443 1702 1486 horum
1721 1442 1775 1485 in
1796 1443 1883 1486 sex
1902 1442 2211 1497 particulas;
2240 1442 2313 1485 ita
2331 1446 2389 1484 ut

182 1521 318 1564 dena
348 1520 687 1576 repraesentet
713 1521 958 1573 secunda,
987 1520 1147 1575 idque
1172 1520 1425 1576 peculiari
1451 1520 1657 1564 ratione
1683 1520 1835 1564 nobis
1863 1520 1994 1563 alias
2019 1520 2221 1562 usitata.
2254 1519 2389 1571 Qua-

183 1598 411 1650 dratum,
434 1598 578 1653 quod
593 1597 958 1650 Quadrantem
973 1598 1231 1650 circumit,
1255 1597 1540 1642 Orichalco
1562 1597 1776 1652 quidem
1797 1608 1903 1640 non
1924 1597 1995 1640 est
2014 1595 2301 1648 inductum,
2324 1607 2388 1640 eo

183 1675 326 1730 quod
351 1675 523 1719 rarior
547 1675 702 1719 huius
729 1676 787 1718 sit
812 1676 949 1727 usus,
981 1675 1262 1719 exhibente
1288 1675 1398 1730 ipso
1425 1675 1732 1727 Quadrante
1764 1674 1882 1718 satis
1911 1674 2135 1729 praecise
2163 1674 2216 1717 id
2246 1675 2388 1728 quod

183 1753 453 1808 quaeritur,
481 1754 522 1796 81
549 1752 825 1804 Quadrato
851 1752 1151 1804 fulciminis,
1180 1753 1221 1795 &
1248 1752 1631 1797 commodioris
1658 1751 2046 1796 convolutionis
2072 1753 2237 1807 gratia
2265 1763 2388 1795 eum

183 1830 704 1885 compraehendente,
733 1830 935 1874 etiamsi
954 1831 1127 1874 nullus
1147 1830 1259 1873 eius
1280 1830 1411 1873 alias
1430 1830 1569 1874 foret
1587 1830 1722 1873 usus.
1750 1829 2001 1872 Attamen
2021 1830 2062 1872 ἃ
2083 1829 2186 1873 hoc
2207 1829 2259 1872 in
2278 1829 2387 1884 ipso

184 1908 419 1962 Chalybe
447 1920 611 1962 quam
639 1907 953 1951 subtilissime
979 1907 1202 1950 divisum
1229 1907 1314 1959 est,
1345 1907 1521 1951 nostra
1548 1918 1760 1962 quoque
1786 1906 2038 1962 peculiari
2065 1907 2284 1958 ratione,
2315 1906 2388 1949 ita

183 1988 241 2028 ut
267 1985 538 2040 quodlibet
563 1985 674 2028 eius
702 1977 947 2037 laterum,
979 1997 1100 2039 quae
1127 1984 1612 2028 circumferentiam
1640 1984 1960 2036 Quadrantis
1990 1984 2246 2035 ambiunt,
2275 1987 2388 2028 tam

186 2063 329 2117 quod
362 2062 711 2106 Horizontem
744 2062 838 2105 DC
871 2074 1034 2116 quam
1066 2062 1251 2105 Zenith
1284 2062 1367 2104 BC
1398 2062 1619 2117 respicit,
1654 2061 1875 2105 canonis
1908 2062 2112 2104 sinuum
2144 2061 2388 2104 ultimum

184 2151 468 2184 numerum
488 2139 517 2183 6
536 2140 850 2195 Ziphrarum
871 2139 1312 2194 comprehendat;
1341 2140 1382 2182 81
1408 2140 1588 2194 regula
1610 2151 1642 2182 a
1662 2142 1845 2183 centro
1865 2151 1960 2193 per
1977 2142 2150 2182 totum
2171 2139 2389 2193 planum

185 2216 358 2269 ducta,
388 2220 503 2260 tam
531 2217 583 2260 in
613 2217 922 2269 Quadrante
951 2229 1114 2271 quam
1145 2216 1419 2268 Quadrato
1450 2216 1779 2259 altitudinem
1809 2217 2028 2271 petitam
2058 2216 2193 2259 inter
2221 2216 2391 2260 obser-

184 2295 421 2337 vandum
447 2294 787 2338 demonstret:
821 2294 967 2338 isthic
994 2305 1089 2349 per
1115 2294 1390 2337 Graduum
1414 2293 1798 2348 aequalitatem3
1833 2293 1919 2337 hic
1945 2304 2075 2336 vero
2103 2293 2389 2336 secundum

185 2372 390 2414 sinuum
403 2372 444 2414 ἃ
458 2372 860 2427 Triangulorum
873 2372 1138 2415 rationem
1153 2371 1566 2422 Geometricam,
1588 2371 1629 2413 δι
1649 2370 1988 2414 nihilominus
2008 2382 2093 2414 res
2113 2370 2391 2424 utrobique

186 2449 238 2492 in
257 2461 423 2492 unum
444 2450 485 2492 &
504 2449 647 2492 idem
666 2449 816 2493 redit.
839 2451 933 2492 Per
952 2449 1317 2501 Quadrantem
1338 2460 1467 2492 vero
1488 2447 1787 2503 intelligitur
1806 2448 2025 2491 AGME.
2047 2449 2142 2491 Per
2156 2446 2391 2499 Quadra-

185 2529 299 2569 tum
326 2526 535 2569 ABCD.
562 2527 657 2570 Per
683 2527 932 2582 Regulam
958 2526 1114 2578 APQ,
1143 2538 1264 2580 quae
1291 2526 1453 2570 etiam
1478 2525 1840 2580 pinnacidium
1868 2525 1908 2567 81
1935 2525 2145 2579 dioptra
2172 2524 2314 2578 apud
2339 2525 2387 2567 P.

185 2604 363 2656 habet,
394 2607 510 2647 tum
543 2615 755 2658 quoque
788 2603 1096 2659 Cylindrum
1122 2603 1274 2659 juxta
1307 2606 1550 2646 centrum
1582 2603 1642 2654 Α,
1682 2603 1881 2646 Eadem
1914 2602 2119 2646 ratione
2150 2604 2307 2656 prout
2339 2601 2390 2644 in

186 2680 464 2736 prioribus.
495 2681 662 2725 Potest
690 2681 853 2724 etiam
881 2692 1005 2735 pars
1036 2681 1243 2735 Regulae
1268 2680 1372 2732 PQ,
1404 2692 1525 2734 quae
1552 2680 1917 2732 Quadrantem
1947 2679 2170 2731 excedit,
2201 2678 2253 2723 in
2280 2682 2391 2721 tan-

185 2761 317 2810 tum,
343 2761 402 2801 ut
425 2758 682 2810 Quadrati
701 2759 963 2814 Angulum
992 2770 1024 2801 a
1050 2760 1234 2801 centro
1261 2757 1660 2801 remotissimum
1688 2757 1923 2812 attingat,
1953 2757 2075 2800 addi
2100 2757 2184 2800 vel
2210 2755 2388 2807 adimi,

186 2838 343 2890 prout
371 2835 611 2879 lubuerit.
642 2836 804 2879 Porro
832 2835 995 2878 habet
1022 2835 1127 2879 hoc
1158 2835 1565 2879 Instrumentum
1595 2835 1685 2878 sua
1715 2845 1927 2889 quoque
1953 2833 2298 2877 sustentacula
2325 2844 2388 2876 ac

187 2913 604 2968 contignationes
634 2913 788 2956 fulcri
812 2913 854 2956 8ι
881 2912 1169 2956 stabilitatis
1197 2913 1334 2964 loco,
1365 2912 1623 2967 pauciora
1650 2915 1833 2955 tamen
1863 2923 2026 2966 quam
2053 2910 2388 2961 antecedens,

187 2990 440 3044 siquidem
470 2993 644 3034 totum
676 2990 735 3033 sit
766 2990 1110 3041 metallicum,
1144 2990 1183 3032 ἃ
1217 3001 1283 3032 ne
1315 2989 1536 3032 nimium
1569 2989 1763 3033 horum
1794 2988 2029 3043 pondere
2060 2990 2387 3043 aggravetur,

187 3078 312 3111 cum
338 3067 379 3110 ἃ
404 3067 530 3122 ipsae
557 3067 700 3122 quasi
727 3066 887 3111 costae
913 3078 1009 3121 per
1033 3066 1210 3109 literas
1232 3066 1464 3118 GHNO,
1489 3066 1530 3108 82
1555 3066 1780 3109 EKLM.
1804 3065 2110 3109 decussatim
2131 3065 2180 3108 se
2199 3064 2391 3108 transe-

186 3146 338 3187 untes
353 3155 382 3187 e
397 3143 559 3188 solido
580 3144 816 3188 constent
829 3143 1060 3194 Chalibe,
1081 3146 1360 3197 totumque
1378 3142 1713 3194 Quadratum
1731 3155 1839 3186 una
1859 3154 1984 3186 cum
2005 3141 2388 3197 comprehenso

187 3221 494 3273 Quadrante
519 3221 573 3264 in
598 3221 688 3265 suo
714 3222 875 3276 plano
902 3221 943 3264 ἃ
963 3220 1096 3276 justa
1123 3219 1465 3275 dispositione,
1493 3220 1718 3264 firmiter
1736 3219 2055 3263 contineant.
2085 3218 2221 3271 Quin
2241 3219 2283 3262 ἃ
2302 3217 2387 3261 hic

187 3297 469 3350 Quadrans
488 3310 595 3341 una
615 3309 741 3341 cum
761 3298 852 3341 suo
874 3297 1148 3349 Quadrato
1169 3298 1436 3340 columnae
1456 3296 1646 3340 ferreae
1668 3296 1962 3340 admodum
1988 3295 2216 3339 robustae
2237 3295 2388 3350 juxta

186 3374 286 3417 XY
317 3375 561 3430 affigitur,
596 3386 722 3418 cum
755 3377 859 3429 qua
892 3374 1054 3418 etiam
1087 3374 1374 3418 commode
1404 3374 1445 3417 81
1473 3373 1725 3418 facillime
1752 3373 1806 3417 in
1836 3384 2022 3416 omnes
2052 3371 2180 3415 Coeli
2211 3374 2389 3426 partes

2002 3452 2387 3504 convolvitur.
