2638 3952
239 303 308 356 50
450 302 1060 356 ASTRONOMIAE
1086 302 1651 356 INSTAURATAE
1678 301 2226 356 MECHANICA

238 455 303 487 ex
329 442 704 497 perpendiculo
732 442 815 485 BR
842 442 1059 486 scrutari
1084 441 1254 485 liceat.
1285 442 1454 486 Debet
1477 442 1617 485 enim
1643 442 1695 485 id
1721 441 1915 496 ubique
1941 442 2312 486 intermedium
2338 442 2437 486 esse

237 521 282 563 A
303 521 343 563 8ι
365 520 416 562 C.
444 521 604 563 Porro
632 530 737 574 quo
759 519 1095 563 commodius
1120 520 1425 562 attollantur
1445 519 1669 574 Regulae,
1697 522 1855 572 atque
1881 518 1934 561 in
1961 518 2090 562 stato
2116 520 2237 563 loco
2262 518 2438 575 (prout

237 596 481 654 lubuerit)
513 596 795 651 quiescant,
828 599 943 639 tum
976 607 1202 650 quoque,
1235 607 1302 640 ne
1330 596 1452 639 hinc
1482 595 1604 639 inde
1633 595 1895 648 vacillent,
1930 595 2017 639 sed
2044 595 2186 639 idem
2218 596 2437 650 planum

238 685 364 718 cum
394 673 629 718 inferiori
656 674 697 717 81
725 673 947 728 longiori
975 672 1253 716 substantia
1282 672 1477 727 ubique
1505 672 1785 716 retineant:
1821 672 2305 728 quomodocunque
2337 673 2439 716 sur-

238 751 350 794 sum
371 752 455 794 vel
475 751 721 794 deorsum
742 754 979 806 agantur.
1001 749 1177 793 Additi
1197 749 1311 793 sunt
1329 749 1428 793 illis
1446 749 1690 804 utrinque
1711 750 1817 793 duo
1838 749 2173 801 Quadrantes
2194 749 2344 802 IHG,
2366 749 2438 792 in-

236 832 320 871 tra
335 839 468 883 quos
482 827 628 883 prior
642 828 833 882 Regula
848 827 1146 871 continetur
1160 827 1201 869 81
1214 829 1476 878 movetur,
1500 827 1735 882 apposita
1755 827 1994 881 plumula
2013 826 2190 870 tenaci
2202 826 2355 882 juxta
2370 826 2436 878 H,

239 906 457 960 suntque
483 905 536 947 hi
557 905 891 956 Quadrantes
912 903 1258 947 Orichalcicis
1282 904 1492 947 laminis
1517 903 1857 958 undiquaque
1882 902 2091 947 inducti.
2122 903 2439 958 Habentque

240 995 271 1025 a
297 985 479 1026 centro
506 982 551 1024 A
576 981 737 1035 usque
762 981 815 1024 in
842 980 1327 1025 circumferentiam
1353 980 1374 1023 I
1401 980 1512 1024 fere
1536 984 1645 1024 tres
1671 980 1893 1024 cubitos.
1928 981 2160 1024 Demum
2185 980 2276 1024 ubi
2301 979 2440 1023 Divi-

238 1060 406 1103 fiones
420 1057 635 1114 peracta
649 1058 1015 1102 observatione
1023 1058 1175 1113 Juxta
1190 1057 1228 1100 C
1242 1057 1471 1112 exempli
1489 1058 1611 1101 loco
1631 1058 1980 1101 numerandae
2002 1058 2130 1110 sunt,
2153 1057 2439 1101 acutissime

237 1147 332 1190 per
357 1135 680 1190 chalybeum
706 1135 934 1179 indicem
960 1134 1105 1178 isthic
1131 1134 1445 1187 indicantur,
1474 1135 1515 1177 81
1540 1134 1784 1189 utrinque
1804 1135 1955 1190 juxta
1982 1135 2019 1178 C
2047 1135 2299 1190 plumulae
2325 1134 2439 1177 sunt

238 1212 534 1267 chalybeae,
566 1224 687 1267 quae
716 1212 879 1256 etiam
907 1212 960 1255 in
989 1211 1309 1255 continendo
1338 1212 1578 1266 regulam
1608 1211 1691 1254 BC
1720 1223 1786 1255 ne
1817 1211 1905 1255 sua
1934 1211 2191 1267 gravitate
2220 1211 2438 1263 recidat,

230 1291 432 1346 juvant

307 1367 569 1410 Praeterea
589 1366 820 1410 fulcrum
840 1367 944 1410 five
965 1366 1316 1410 bafimentum
1335 1365 1420 1423 (de
1441 1377 1546 1420 quo
1566 1368 1721 1409 antea
1740 1365 1865 1423 dixi)
1884 1365 1936 1409 in
1951 1377 2056 1421 quo
2069 1369 2243 1410 totum
2257 1365 2440 1409 Instru-

236 1447 476 1487 mentum
502 1444 570 1487 ab
596 1446 702 1487 una
728 1446 895 1499 parte,
922 1442 1214 1498 praesertim
1240 1442 1524 1497 posteriore
1551 1443 1781 1497 quiescit,
1809 1443 1850 1485 81
1877 1443 2315 1499 circumgyratur‚
2345 1454 2441 1498 per

236 1520 358 1564 XW
383 1520 774 1576 intelligendum
801 1521 913 1574 erit,
943 1521 998 1563 in
1023 1531 1128 1575 quo
1156 1520 1389 1575 superius
1409 1521 1560 1576 juxta
1585 1520 1625 1562 T
1651 1520 1874 1564 cochlea
1900 1520 1971 1564 est
1995 1520 2255 1576 perennis,
2282 1519 2440 1564 instar

238 1610 425 1641 earum
455 1599 520 1641 de
550 1598 739 1652 quibus
770 1601 927 1641 antea
955 1598 1008 1640 in
1038 1596 1385 1641 Instrumento
1417 1597 1791 1641 semicirculari
1822 1597 1944 1649 dixi,
1980 1610 2101 1652 quae
2133 1609 2228 1653 per
2258 1609 2442 1641 manu·

238 1675 414 1718 brium
441 1675 509 1718 ad
527 1675 567 1717 T
587 1675 789 1718 sublata
815 1675 856 1718 81
883 1674 1132 1730 depressa‚
1159 1676 1332 1718 totum
1359 1685 1570 1728 quoque
1594 1674 1700 1719 hoc
1728 1674 2001 1730 Organum
2027 1674 2124 1718 rite
2150 1674 2339 1730 dirigit3
2367 1674 2441 1718 ita

236 1755 294 1795 ut
313 1751 529 1795 inferior
542 1752 583 1795 81
596 1752 886 1806 longissima
903 1752 1096 1806 Regula
1111 1750 1416 1794 Horizontis
1435 1752 1595 1806 plano
1616 1750 1800 1796 exacte
1821 1752 2246 1807 correspondeat,
2267 1752 2442 1806 plane-

239 1840 341 1884 que
361 1828 658 1872 conveniat.
680 1829 916 1872 Tandem
940 1829 1102 1872 etiam
1123 1828 1322 1871 extima
1342 1828 1549 1883 Regulae
1576 1841 1701 1883 pars
1722 1829 1768 1872 D
1790 1841 1945 1873 muro
1973 1828 2218 1873 circulari
2243 1829 2442 1872 incum-

238 1906 327 1958 bit,
356 1905 444 1960 qui
470 1917 564 1960 per
589 1906 767 1949 literas
787 1906 834 1948 Y
853 1906 1184 1961 exprimitur:
1214 1905 1496 1960 Habetque
1516 1906 1607 1949 sub
1630 1906 1679 1949 se
1705 1906 1758 1949 in
1778 1907 1970 1950 eodem
1991 1906 2147 1950 Muro
2166 1906 2325 1950 firmo
2347 1906 2441 1949 cir-

238 1984 418 2027 culum
446 1983 840 2026 Azimuthalem
870 1982 1281 2034 Orichalcicum,
1312 1982 1689 2026 convenienter
1717 1983 2049 2033 subdivisum,
2080 1984 2121 2026 81
2151 1982 2443 2038 superficiei

238 2059 544 2104 Horizontis
573 2061 874 2115 analogum,
906 2060 1514 2114 correspondentemque
1539 2059 1826 2113 Altitudini,
1858 2072 1979 2115 quae
2005 2060 2076 2104 est
2101 2060 2290 2115 prioris
2316 2061 2443 2104 basi-

237 2137 421 2181 menti:
444 2137 627 2192 Estque
646 2137 700 2180 in
721 2138 996 2181 Diametro
1018 2137 1302 2181 duodecim
1324 2136 1641 2180 cubitorum.

310 2214 483 2259 USUS
503 2214 664 2259 totius
682 2215 1013 2259 Instrumenti
1033 2214 1104 2258 est
1123 2214 1182 2266 is,
1203 2217 1261 2257 ut
1279 2214 1415 2258 illius
1436 2213 1696 2258 beneficio
1715 2217 1828 2258 tam
1842 2214 2155 2258 Altitudines
2174 2214 2288 2272 (per
2305 2215 2443 2270 ipsas

237 2292 486 2335 nimirum
502 2293 737 2347 Regulas‚
753 2292 843 2336 ubi
856 2292 1101 2336 videlicet
1113 2292 1357 2335 infimam
1372 2291 1591 2349 attingit)
1604 2293 1826 2347 pandat;
1843 2305 2005 2347 quam
2018 2291 2128 2347 ipsa
2139 2292 2440 2345 Azimutha,

237 2369 326 2412 ubi
356 2369 587 2413 eiusdem
617 2370 924 2413 extremitas
952 2381 1119 2425 prope
1147 2369 1377 2412 indicem
1407 2369 1550 2423 apud
1576 2369 1639 2421 D,
1669 2369 2062 2413 Azimuthalem
2093 2369 2443 2414 Horizontem

240 2446 433 2501 stringit
452 2447 493 2490 81
513 2450 676 2490 notat.
705 2447 1017 2490 Altitudines
1037 2458 1165 2490 vero
1187 2447 1255 2489 fic
1275 2446 1559 2489 habentur:
1589 2447 1721 2489 Cum
1742 2446 1905 2490 ambo
1932 2448 2100 2489 latera
2120 2446 2348 2490 duarum
2367 2458 2444 2490 re-

239 2524 481 2578 gularum
502 2524 593 2566 AB
614 2524 654 2566 81
675 2524 759 2566 BC
789 2523 1019 2578 aequalia
1046 2524 1156 2576 fint,
1182 2523 1503 2578 tertiumque
1522 2523 1608 2566 AC
1630 2523 1916 2567 secundum
1938 2523 2376 2568 Observationem
2402 2524 2444 2567 81

239 2601 665 2644 numerationem
686 2600 904 2644 constet:
927 2600 1158 2656 ignorari
1178 2600 1372 2655 nequit,
1393 2600 1628 2655 Angulus
1642 2601 1783 2652 BAC,
1805 2600 2148 2644 Altitudinem
2169 2601 2443 2655 quaefitam

240 2677 508 2725 exhibens.
538 2678 685 2721 Idem
707 2677 809 2720 alia
832 2678 1038 2722 ratione
1062 2678 1347 2732 perficitur,
1376 2677 1412 2720 fi
1437 2680 1761 2729 numeretur,
1789 2677 1879 2720 ubi
1904 2677 2339 2734 perpendiculum
2360 2677 2443 2720 BR

239 2753 543 2798 inferiorem
569 2756 807 2810 regulam
826 2755 881 2798 in
901 2755 1001 2798 suis
1022 2754 1359 2798 divisionibus
1379 2754 1596 2810 attingit,
1624 2753 1766 2798 facto
1792 2754 1938 2799 initio
1960 2755 2027 2798 ab
2048 2755 2108 2798 A.
2130 2754 2275 2799 Tunc
2301 2754 2443 2798 enim

240 2831 396 2874 datur
425 2831 764 2887 Triangulum
795 2830 1181 2887 recstangulum;
1223 2831 1371 2887 cujus
1402 2844 1570 2874 unum
1602 2832 1739 2875 latus
1772 2832 2042 2887 cognitum
2074 2843 2141 2875 ex
2172 2829 2441 2883 structura,

241 2908 465 2951 alterum
503 2912 844 2952 numeratum
876 2909 1166 2952 secundum
1198 2908 1651 2952 Observationem.
1692 2908 1870 2960 Quare
1903 2910 2122 2964 angulus
2155 2909 2224 2952 ad
2255 2908 2315 2960 A,
2355 2907 2445 2963 qui

241 2985 596 3039 quaerebatur,
625 2985 855 3041 ignorari
875 2986 1069 3041 nequit.
1096 2985 1358 3037 Quorsum
1378 2997 1507 3029 vero
1528 2985 1838 3029 Altitudines
1857 2987 1899 3029 ἃ
1918 2986 2205 3029 Azimutha
2223 2985 2445 3040 pertine-

242 3064 347 3114 ant,
370 3073 399 3105 e
418 3063 747 3117 pragmatica
767 3062 1101 3107 Astronomia
1121 3062 1444 3114 discendum,
1466 3065 1623 3117 prout
1644 3065 1801 3106 antea
1821 3062 2212 3106 insinuavimus.

312 3137 430 3182 Hoc
464 3139 871 3183 Instrumentum
905 3139 972 3184 ob
1008 3139 1358 3195 quantitatem
1390 3140 1432 3182 ἃ
1463 3139 1843 3195 longitudinem
1875 3139 2078 3195 priores
2107 3139 2327 3194 Regulas
2359 3143 2444 3182 ex-‘

242 3215 451 3267 cedens,
483 3215 751 3270 praecifius
781 3216 962 3259 omnia
990 3216 1219 3267 exhibet,
1252 3215 1526 3271 magisque
1555 3216 1733 3260 stabile
1762 3217 1804 3260 81
1831 3216 1943 3260 usui
1972 3219 2156 3271 aptum
2186 3215 2276 3259 est:
2310 3226 2443 3270 prae·

242 3291 417 3334 sertim
437 3293 616 3346 quoad
634 3293 946 3336 Altitudines
966 3293 1269 3348 capiendas.
1298 3293 1357 3336 In
1377 3293 1673 3336 Azimuthis
1694 3293 1836 3337 enim
1860 3305 1967 3336 una
1990 3292 2246 3336 rimandis
2266 3292 2443 3347 aliqua

242 3367 406 3412 subest
426 3368 711 3413 difficultas
732 3370 799 3413 ob
822 3370 989 3425 ipsam
1009 3369 1341 3414 Instrumenti
1361 3369 1778 3425 magnitudinem
1798 3370 1840 3413 81
1861 3371 2075 3414 molem.
2105 3368 2238 3421 Quae
2260 3372 2442 3412 tamen

2179 3447 2442 3500 adhibita

2491 1141 2534 1177 10

2492 1526 2535 1563 15

2490 1911 2536 1947 20

2491 2297 2537 2332 25

2491 3067 2538 3103 35
