2638 3952
276 298 344 350 38
486 295 1096 348 ASTRONOMIAE
1123 295 1688 349 INSTAURATAE
1716 295 2264 348 MECHANICA

276 436 623 480 convolvitur.
654 435 886 491 Gyratur
905 435 1047 479 enim
1068 436 1320 480 columna
1343 435 1431 479 illa
1452 435 1685 490 superius
1705 434 1759 477 in
1778 435 2006 478 rotundo
2026 434 2305 487 foramine,
2334 436 2477 490 quod

274 514 327 556 in
364 513 541 556 medio
582 512 652 556 est
689 512 1139 556 ferramentorum
1171 513 1216 555 A
1248 512 1408 556 literis
1446 512 1817 563 iudicatorum,
1859 512 2193 556 transversim
2230 511 2283 555 in
2322 523 2477 555 muro

275 593 480 645 cryptae
500 590 724 633 firmiter
738 589 1118 644 dispositorum,
1140 589 1356 633 inferius
1375 589 1428 632 in
1447 589 1620 633 ferrea
1638 588 1835 631 lamina
1850 600 2016 644 prope
2029 589 2076 632 Y
2090 590 2282 632 eodem
2296 589 2476 640 modo,

275 679 380 722 quo
400 668 452 711 in
475 667 819 710 antecedente
840 665 1054 718 dictum,
1082 669 1139 710 ut
1165 666 1309 710 isthic
1330 678 1425 721 per
1444 666 1694 711 cochleas
1715 665 2098 720 quadrifariam
2117 665 2386 720 dirpofitas
2404 668 2480 710 to-

273 749 387 788 tum
409 744 815 788 Instrumentum
835 743 932 787 rite
954 744 1022 787 ad
1042 744 1192 787 usum
1218 743 1461 799 adaptari
1487 746 1661 798 queat,
1689 754 1900 798 unaque
1919 742 1974 786 in
1995 743 2085 786 sua
2105 742 2478 787 convolutione

273 823 496 866 firmiter
521 821 794 874 contineri,
821 833 887 864 ne
913 822 1050 864 ultra
1075 822 1296 876 planum
1322 821 1627 876 requisitum
1653 820 1945 864 divellatur.
1975 819 2078 863 Sed
2104 820 2145 862 81
2170 820 2385 871 lamina,
2413 819 2478 863 de

274 902 377 954 qua
402 899 523 950 dixi,
553 910 677 943 cum
699 898 799 942 suis
819 898 1053 942 cochleis
1074 899 1342 942 columnae
1362 899 1607 942 rotundae
1633 898 1858 953 lapideae
1878 909 1974 952 per
1993 897 2026 941 b
2047 897 2293 941 indicatae
2319 896 2480 952 infigi-

272 980 372 1029 tur,
402 988 522 1032 quae
550 977 591 1019 81
617 979 788 1020 totam
816 975 1021 1019 sustinet
1047 975 1371 1028 machinam,
1401 978 1559 1030 atque
1585 974 1847 1030 profunde
1866 975 1958 1030 ipsi
1977 977 2136 1018 terrae
2156 974 2210 1017 in
2230 973 2333 1018 alia
2355 984 2480 1029 quo-

274 1066 375 1110 que
408 1054 515 1098 basi
547 1053 755 1109 lapidea
788 1052 975 1097 insistit.
1011 1052 1188 1096 Habet
1220 1064 1430 1107 quoque
1462 1052 1566 1097 hoc
1598 1052 1768 1108 ipsum
1798 1052 2206 1096 Instrumentum
2237 1051 2292 1095 in
2321 1063 2478 1097 muro

273 1132 513 1187 cryptico
535 1131 886 1175 circumcirca
904 1130 1055 1174 tereti
1075 1130 1226 1174 suum
1247 1130 1407 1176 etiam
1431 1130 1781 1174 Horizontem
1801 1129 2195 1173 Azimuthalem
2213 1129 2253 1173 T
2260 1129 2384 1172 VW
2402 1132 2478 1173 to-

273 1212 389 1253 tum
409 1208 694 1252 orichalco
727 1206 1000 1251 inductum
1031 1207 1071 1250 81
1099 1207 1152 1251 in
1183 1207 1362 1251 medio
1395 1208 1538 1262 quafi
1570 1207 1709 1251 muri
1740 1208 1982 1263 politum,
2018 1218 2123 1262 quo
2156 1206 2479 1251 Observator

274 1287 410 1330 stans
430 1286 481 1329 in
502 1284 752 1340 superiori
767 1285 949 1328 Gradu
968 1285 1128 1342 (Nam
1143 1285 1184 1328 8ι
1198 1285 1302 1329 hoc
1318 1285 1726 1329 Instrumentum
1742 1285 1860 1329 suos
1875 1284 2084 1328 Gradus
2105 1283 2475 1337 coementitios‚

271 1375 366 1418 per
386 1375 520 1418 quos
541 1362 931 1407 ascendendum
953 1374 1016 1406 ac
1038 1362 1480 1414 descendendum,
1509 1365 1667 1417 prout
1693 1361 1990 1406 observatio
2016 1361 2248 1416 requirit,
2277 1361 2478 1406 obtinet

272 1441 313 1483 δι
342 1441 431 1484 sua
461 1439 819 1496 magnitudine
847 1440 1022 1497 exigit)
1050 1439 1351 1491 Azimutha,
1386 1452 1507 1494 quae
1536 1451 1631 1495 per
1658 1439 1857 1483 indices
1886 1439 2131 1494 utrinque
2160 1439 2197 1482 R
2227 1439 2268 1481 ἃ
2297 1438 2330 1482 S
2359 1449 2476 1494 pro—

271 1522 502 1570 muntur,
523 1528 807 1561 numerare
828 1520 1000 1571 queat.
1031 1517 1304 1561 Diameter
1323 1517 1477 1561 huius
1498 1516 1803 1561 Horizontis
1822 1516 2170 1560 Azimuthalis
2188 1519 2366 1560 tantus
2386 1515 2473 1568 est,

270 1599 327 1638 ut
347 1595 551 1639 circum
572 1594 716 1638 circa
734 1595 873 1637 ultra
891 1597 1064 1638 toturn
1080 1594 1462 1647 Quadrantem,
1483 1594 1758 1650 ipsumque
1773 1593 2107 1646 Quadratum
2121 1594 2161 1637 81
2176 1593 2313 1637 intra
2331 1594 2473 1637 hunc

269 1673 487 1716 transire
508 1673 685 1717 liceat:
709 1672 939 1726 Ideoque
959 1672 1012 1715 in
1032 1672 1121 1715 sua
1143 1672 1406 1716 diametro
1426 1671 1468 1716 9.
1493 1672 1700 1716 cubitos
1721 1672 1986 1726 adaequat.
2013 1671 2197 1726 Estque
2217 1683 2312 1727 per
2331 1671 2381 1715 se
2399 1674 2475 1716 to·

269 1754 384 1794 tum
413 1750 516 1794 hoc
545 1750 816 1805 Organum
847 1749 983 1793 adeo
1011 1749 1236 1792 firmiter
1262 1749 1563 1805 dispositum
1592 1750 1634 1793 ἃ
1663 1749 1896 1793 cochleis
1923 1749 2202 1801 munitum,
2231 1752 2290 1793 ut
2317 1748 2474 1793 semel

270 1826 411 1871 recste
440 1828 744 1871 ordinatum
773 1827 882 1870 vim
911 1827 1119 1871 roboris
1147 1826 1384 1880 humani,
1414 1830 1472 1870 ut
1500 1828 1622 1871 loco
1652 1827 2004 1879 dimoveatur,
2035 1838 2142 1871 non
2166 1826 2324 1871 facile
2350 1827 2475 1871 exti-

270 1905 483 1949 mescat.
511 1906 682 1959 Atque
708 1905 827 1948 haec
849 1905 914 1948 de
935 1904 1265 1948 Instrumenti
1285 1904 1439 1948 huius
1460 1904 1681 1948 Fabrica
1701 1904 1743 1947 81
1763 1904 2111 1960 dispositione;
2142 1905 2285 1960 quod
2311 1904 2473 1948 etiam

268 1985 441 2026 totum
466 1982 519 2025 in
545 1982 810 2037 superiore
832 1982 970 2025 muri
991 1985 1141 2037 parte
1160 1980 1300 2025 tecto
1321 1982 1557 2036 quodam
1579 1980 1837 2026 succincte
1858 1982 2135 2027 elaborato
2156 1983 2224 2026 ab
2246 1982 2383 2026 aeris
2403 1981 2475 2026 in-

262 2059 400 2115 juria
420 2059 722 2115 protegitur.
753 2059 871 2103 Hoc
892 2060 1054 2102 etiam
1072 2058 1272 2102 tectum
1294 2059 1410 2103 suas
1430 2059 1591 2102 habet
1611 2058 1877 2112 fenestras,
1900 2071 2020 2115 quae
2042 2059 2234 2115 aperiri
2252 2059 2470 2115 possunt,

269 2137 310 2179 δι
338 2137 522 2180 rotulis
549 2135 749 2180 tectum
778 2136 1110 2192 portantibus
1138 2136 1192 2179 in
1220 2136 1427 2191 quasvis
1455 2136 1640 2179 Mundi
1664 2137 1848 2192 plagas
1874 2136 2183 2193 circumagi;
2214 2139 2373 2192 prout
2397 2148 2474 2180 re-

270 2213 425 2269 quirit
457 2214 770 2267 observatio,
811 2215 1065 2268 simulque
1098 2213 1289 2266 claudi,
1329 2214 1458 2256 dum
1490 2213 1898 2258 Instrumentum
1935 2214 2032 2258 rite
2068 2215 2366 2270 adaptatur,
2405 2225 2472 2258 ne

267 2294 456 2335 ventus
476 2292 853 2346 perpendicula
873 2291 984 2335 eius
998 2291 1149 2347 Juxta
1164 2291 1210 2334 D
1227 2303 1258 2333 a
1272 2291 1500 2334 naturali
1520 2292 1732 2335 tramite
1751 2303 1848 2347 per
1859 2291 2168 2336 violentiam
2183 2291 2469 2343 dimoveat,

268 2368 310 2411 81
336 2369 557 2423 insuper,
587 2369 801 2423 quando
827 2369 999 2412 nullus
1026 2368 1096 2412 est
1116 2368 1447 2412 Instrumenti
1472 2368 1609 2420 usus,
1637 2371 1694 2412 ut
1718 2369 1889 2424 ipsum
1916 2369 1983 2413 ab
2011 2369 2197 2425 injuria
2220 2368 2472 2412 imbrium

267 2446 307 2488 ἃ
334 2449 618 2490 ventorum
644 2448 899 2500 protegat.
926 2446 1099 2500 Atque
1124 2446 1244 2489 haec
1269 2445 1447 2499 quoad
1471 2444 1687 2498 tectum,
1714 2446 1767 2489 in
1792 2446 1955 2501 priori
1982 2447 2144 2491 etiam
2164 2446 2472 2499 Quadrante

268 2521 458 2566 effecta
480 2523 607 2574 sunt,
630 2526 788 2577 prout
806 2522 878 2566 ibi
897 2522 1141 2566 diximus.

340 2599 513 2643 USUS
540 2599 650 2643 eius
677 2611 801 2643 cum
827 2599 989 2654 priori
1014 2599 1156 2642 idem
1183 2599 1253 2643 est
1273 2600 1325 2642 in
1346 2599 1615 2655 capiendis
1636 2601 1677 2643 &
1697 2601 2040 2646 numerandis
2059 2604 2173 2646 tam
2197 2600 2473 2645 altitudini-

268 2677 366 2721 bus
393 2689 557 2731 quam
580 2677 895 2729 Azimuthis;
926 2677 966 2719 8ι
993 2679 1252 2731 quatenus
1278 2676 1397 2721 haec
1424 2677 1774 2721 Astronomiae
1799 2678 2098 2731 inserviunt,
2125 2678 2287 2723 veluti
2314 2681 2472 2725 antea

266 2754 572 2797 indicatum.
601 2753 802 2797 Verum
829 2754 914 2798 hic
936 2754 1218 2806 Quadrans
1245 2765 1369 2798 cum
1396 2754 1486 2799 suo
1515 2754 1761 2811 adjuncto
1783 2755 2073 2809 Quadrato,
2103 2768 2227 2801 cum
2253 2767 2360 2800 non
2382 2756 2472 2800 sal-

266 2834 376 2874 tem
401 2834 544 2875 totus
571 2830 867 2874 Metallicus
896 2832 969 2884 sit,
1001 2831 1088 2875 sed
1115 2832 1155 2874 81
1182 2831 1415 2886 priorem
1445 2832 1804 2887 magnitudine
1833 2834 2074 2886 excedat,
2106 2834 2281 2878 adhuc
2310 2834 2471 2889 paulo

267 2906 501 2951 exactius
522 2920 685 2962 quam
705 2908 765 2961 is,
786 2911 900 2951 tam
920 2909 1231 2952 Altitudines
1253 2920 1416 2963 quam
1435 2909 1721 2953 Azimutha
1741 2910 2058 2963 manifestat3
2086 2911 2159 2954 ita
2178 2913 2237 2954 ut
2255 2910 2308 2954 in
2328 2911 2470 2955 sexta

268 2985 429 3029 etiam
455 2985 641 3029 minuti
667 2988 817 3040 parte
842 2986 962 3030 haec
988 2997 1084 3041 per
1103 2997 1227 3029 eum
1246 2985 1430 3029 rimari
1450 2986 1617 3039 detur,
1644 2987 1735 3031 ubi
1755 2987 2071 3042 potissimum
2091 2991 2239 3032 tanta
2259 2987 2472 3043 requiri-

265 3065 352 3106 tur
375 3062 631 3118 praecifio,
657 3066 815 3118 prout
833 3062 887 3106 in
907 3063 1077 3106 Solari
1097 3066 1247 3107 motu
1268 3074 1334 3106 ex
1353 3063 1637 3108 Altitudine
1658 3064 1698 3107 81
1720 3064 2083 3109 Declinatione
2103 3065 2215 3109 eius
2239 3065 2471 3120 perscru-

266 3140 430 3183 tando
452 3152 632 3195 operae
652 3140 880 3195 pretium
901 3140 985 3184 est.

338 3217 548 3260 Addam
580 3228 710 3261 vero
743 3217 784 3259 8ι
815 3217 920 3261 hoc
954 3217 1275 3273 Colophonis
1306 3218 1443 3271 loco,
1479 3218 1622 3272 quod
1653 3218 1793 3263 hisce
1822 3219 2030 3263 duobus
2059 3219 2467 3272 Quadrantibus,

269 3294 614 3336 antecedente
643 3293 893 3337 nimirum
922 3294 1155 3347 volubili,
1186 3295 1227 3337 δι
1256 3294 1360 3338 hoc
1392 3295 1642 3339 Chalibeo
1672 3295 1834 3339 etiam
1865 3296 2200 3348 conuolubili,
2233 3295 2469 3339 adhibito

267 3382 373 3413 una
400 3370 452 3412 in
478 3370 752 3414 confilium
773 3371 1079 3423 Quadrante
1101 3371 1339 3415 maximo
1361 3370 1696 3416 Orichalcico
1719 3373 1911 3416 Murali
1931 3374 2034 3417 five
2053 3373 2358 3429 Tychonico
2385 3372 2469 3430 (de

2348 3468 2468 3518 quo

2531 1135 2573 1170 lo

2528 1521 2570 1556 15

2522 1907 2568 1943 20

2521 2295 2567 2330 2⁵

2518 3067 2565 3103 35
