2638 3952
256 247 348 299 140
469 244 1078 298 ASTRONOMIAE
1106 244 1673 298 INSTAURATAE
1699 245 2248 299 MECHANICA

255 387 366 438 tuit,
396 385 831 439 repraesentatam
851 384 1014 427 vides.
1042 384 1384 427 Particularia
1410 395 1556 436 vero,
1585 396 1706 439 quae
1732 385 1784 427 in
1809 385 1913 428 hac
1938 385 2287 430 delineatione
2306 397 2464 441 expo-

256 469 432 511 nenda
446 468 677 520 veniunt,
700 469 752 510 in
772 468 913 511 hunc
936 468 1159 510 modum
1177 468 1227 511 se
1247 467 1466 520 habent3
1490 470 1749 522 quatenus
1769 468 1946 520 literis,
1969 481 2090 523 quae
2109 469 2463 523 peculiaribus

257 552 388 595 locis
410 554 682 595 annotatae
703 551 832 603 sunt,
856 551 1051 605 singula
1071 550 1306 594 indicare
1327 551 1504 594 datur:
1526 551 1585 593 A.
1603 551 1810 594 Domus
1823 551 2095 606 praecipua
2108 552 2161 594 in
2174 552 2283 606 ipso
2304 552 2465 595 medi-

258 635 406 678 tullio
432 634 592 678 totius
620 633 932 688 capacitatis
959 631 1219 685 extructa3
1252 633 1293 675 81
1321 645 1417 688 per
1443 636 1672 688 quatuor
1697 634 1787 677 sua
1813 635 1982 677 latera
2007 627 2214 689 aequale
2241 636 2465 689 quadra-

258 722 374 761 tum
395 717 680 761 efficientia
699 717 752 760 in
771 717 814 760 4.
839 716 1022 759 Mundi
1049 717 1233 771 plagas
1257 715 1573 760 exactissime
1593 728 1835 772 vergens3
1867 717 1940 760 ita
1964 720 2023 760 ut
2049 717 2169 761 duae
2194 718 2464 762 turriculae

261 800 539 844 Meridiem
566 801 606 843 81
633 800 1072 855 Septentrionem,
1102 800 1281 843 ambae
1304 810 1434 843 vero
1457 801 1633 843 valvae
1654 800 1845 844 Ortum
1866 800 1906 842 ἃ
1928 800 2190 844 Occasum
2217 801 2466 856 exquisite

242 883 553 939 respiciant.
583 884 635 926 E.
664 884 818 926 Porta
840 882 1121 926 Orientalis
1149 894 1308 937 opere
1334 882 1525 926 rustico
1553 884 1594 927 81
1619 883 1856 927 Tuscano
1884 884 2193 938 composita.
2221 883 2283 927 D.
2311 885 2466 928 Porta

260 966 616 1011 Occidentalis
642 966 835 1010 eodem
862 977 1022 1021 opere
1050 966 1340 1009 elaborata.
1370 966 1687 1010 Habuerunt
1713 970 1892 1010 autem
1918 966 2005 1010 hae
2033 966 2172 1010 binae
2198 970 2368 1022 portae
2393 967 2467 1010 su-

259 1050 435 1105 perius
463 1050 598 1093 duos
625 1050 794 1092 Canes
820 1049 1052 1105 majores
1078 1049 1397 1105 Anglicanos
1424 1049 1759 1094 excubitores
1788 1049 1841 1093 in
1870 1050 2217 1094 conveniente
2246 1050 2467 1094 domun-

261 1135 395 1185 cula,
426 1137 484 1176 ut
508 1133 740 1187 undique
767 1133 1115 1176 adventantes
1141 1133 1336 1176 latratu
1361 1133 1671 1177 indicarent.
1706 1134 1759 1176 B.
1789 1132 2019 1177 Officina
2042 1133 2463 1189 Typographica‚

260 1217 478 1272 majoris
505 1217 697 1260 domus
719 1217 920 1260 Idaeam
947 1218 1115 1270 parva
1141 1215 1317 1259 forma
1339 1217 1742 1270 quodammodo
1768 1216 2019 1260 referens.
2049 1216 2101 1260 C.
2124 1217 2464 1260 Domuncula

259 1312 357 1354 pro
386 1299 645 1351 ministris,
677 1299 838 1342 etiam
867 1300 1128 1355 majorem
1159 1300 1397 1351 domum,
1433 1300 1612 1354 quoad
1639 1299 1977 1355 frontispicia,
2008 1300 2049 1343 81
2079 1300 2330 1354 quaedam
2361 1299 2464 1342 alia

259 1383 657 1437 repraesentans.
681 1383 730 1425 F.
755 1382 977 1426 Interior
989 1382 1115 1425 valli
1132 1382 1314 1426 facies.
1338 1383 1397 1426 G.
1421 1382 1660 1426 Exterior
1679 1383 1789 1439 ejus
1810 1383 1986 1427 forma
2006 1394 2131 1427 cum
2152 1383 2242 1426 sua
2263 1382 2466 1438 dispoli-

258 1466 415 1510 tione.
450 1466 510 1509 N.
534 1466 775 1518 Quatuor
794 1466 897 1510 viae
917 1466 1096 1508 versus
1117 1465 1306 1509 ambas
1326 1469 1508 1520 portas
1529 1466 1570 1508 δι
1589 1468 1852 1520 utranque
1872 1466 2255 1510 domunculam
2275 1466 2467 1510 ducen-

258 1552 354 1601 tes,
378 1561 500 1603 quae
519 1549 572 1592 in
591 1549 633 1592 4.
659 1549 843 1592 Mundi
862 1550 1046 1604 plagas
1068 1549 1135 1592 ad
1157 1549 1398 1592 amussim
1418 1552 1719 1592 excurrunt.
1749 1549 1810 1593 O.
1834 1549 2074 1601 Quatuor
2088 1550 2268 1605 J’anuae
2288 1549 2466 1593 horto-

260 1645 396 1675 rum.
432 1632 502 1675 M.
534 1633 766 1687 Pergulae
796 1635 1024 1686 quatuor
1052 1632 1105 1674 in
1133 1631 1231 1674 illis
1261 1631 1735 1676 semicircularibus
1764 1632 1916 1676 vallis
1946 1632 2268 1676 amoenitatis
2299 1632 2464 1687 gratia

262 1716 534 1770 dispofitae.
565 1716 622 1758 L.
647 1715 801 1758 Horti
823 1715 1115 1759 herbarum
1136 1715 1176 1757 8ι
1197 1715 1407 1759 florum.
1438 1715 1503 1758 H.
1529 1715 1683 1758 Horti
1702 1715 1969 1759 Arborum
1990 1715 2124 1759 varii
2148 1715 2351 1771 generis
2376 1728 2467 1759 nu-

261 1810 411 1842 mero
442 1798 650 1842 circiter
678 1801 1054 1850 trecentarum,
1085 1799 1174 1842 810.
1206 1799 1377 1853 Atque
1402 1798 1522 1842 haec
1549 1798 1620 1842 est
1645 1798 1804 1842 totius
1830 1799 2143 1854 capacitatis
2172 1798 2464 1854 descriptio.

263 1881 439 1926 Habet
461 1884 641 1924 autem
656 1882 781 1924 valli
796 1881 1026 1925 ambitus
1046 1882 1273 1937 figuram
1294 1882 1629 1936 quadratam,
1650 1881 1704 1925 in
1724 1882 1901 1926 medio
1923 1882 2297 1926 semicirculari
2315 1882 2469 1926 inter-

261 1968 480 2017 textam,
512 1968 569 2007 ut
593 1965 647 2007 in
673 1966 1018 2009 antecedente
1046 1965 1400 2020 designatione
1428 1968 1588 2020 patet.
1620 1964 1831 2021 Singula
1856 1977 1985 2010 vero
2013 1965 2272 2018 Quadrati
2298 1966 2467 2009 latera

263 2048 533 2092 continent
552 2049 714 2103 pedes
734 2048 836 2092 300.
861 2048 1115 2092 Crassities
1135 2049 1261 2091 valli
1280 2048 1694 2092 fundamentalis
1714 2049 1785 2093 est
1804 2050 2002 2104 pedum
2019 2048 2212 2104 viginti.
2234 2048 2467 2092 Altitudo

264 2132 374 2187 ejus
394 2131 467 2174 22.
490 2132 709 2187 pedum:
733 2132 1007 2175 Diameter
1020 2143 1150 2175 vero
1165 2131 1566 2176 semicircularis
1579 2132 1705 2176 valli
1723 2132 1939 2176 interior
1959 2132 2030 2176 est
2049 2132 2246 2187 pedum
2261 2132 2470 2176 circiter

263 2215 563 2270 nonaginta.
596 2215 803 2259 Domus
828 2215 937 2270 ipsa
962 2215 1016 2258 in
1041 2215 1219 2259 medio
1247 2216 1355 2268 fita,
1389 2227 1509 2270 quae
1536 2216 1699 2260 etiam
1724 2214 1924 2268 exacte,
1952 2215 2028 2259 uti
2054 2216 2176 2268 dixi,
2208 2216 2469 2271 quadrata

265 2298 350 2351 est,
383 2298 546 2341 habet
576 2298 630 2341 in
661 2298 867 2354 singulis
898 2298 1150 2342 lateribus
1183 2298 1391 2342 circiter
1421 2299 1584 2353 pedes
1613 2298 1685 2342 60.
1719 2299 1952 2342 Altitudo
1984 2298 2122 2342 Muri
2149 2299 2222 2343 45.
2253 2299 2466 2354 pedum.

263 2381 453 2425 Turres
473 2393 602 2425 vero
628 2382 873 2425 rotundae
895 2395 926 2425 a
948 2382 1167 2426 Meridie
1189 2382 1229 2424 81
1250 2381 1613 2436 septentrione
1637 2382 1889 2437 appcfitae
1914 2382 2113 2426 habent
2138 2382 2211 2426 22.
2233 2383 2396 2437 pedes
2415 2382 2468 2425 in

266 2465 557 2517 Diametro‚
582 2464 770 2519 quibus
792 2465 1022 2508 ambitus
1043 2465 1272 2508 exterius
1293 2464 1628 2509 adhaerentes
1650 2465 1851 2509 addunt
1870 2466 2032 2520 pedes
2056 2465 2124 2509 10.
2145 2465 2380 2509 Porticus
2401 2465 2467 2509 ab

267 2548 479 2591 Oriente
507 2549 547 2590 81
574 2547 862 2591 Occidente
891 2548 1107 2592 inferius
1138 2548 1395 2600 Quadrati
1423 2548 1622 2592 habent
1655 2549 1722 2591 15.
1753 2549 1916 2604 pedes
1944 2549 1997 2592 in
2027 2549 2261 2604 quolibet
2288 2550 2467 2593 latere.

264 2632 396 2675 Tota
429 2631 650 2674 altitudo
684 2631 875 2675 domus
908 2644 940 2675 a
971 2632 1148 2675 Terrae
1181 2631 1453 2686 superficie
1487 2632 1649 2687 usque
1682 2632 1751 2676 ad
1782 2633 2031 2688 Pegasum
2063 2633 2367 2688 supremum
2399 2632 2470 2676 est

266 2715 464 2770 pedum
484 2715 556 2758 75.
580 2714 787 2759 Domus
808 2715 970 2758 etiam
989 2715 1114 2770 ipsa,
1137 2717 1350 2770 quaqua
1364 2715 1575 2758 versum
1588 2718 1748 2770 patet,
1769 2715 2035 2771 hypogaea
2049 2716 2211 2759 habet
2225 2715 2468 2767 aedificia,

268 2809 497 2852 quorum
522 2798 855 2852 profunditas
881 2798 952 2842 est
977 2799 1176 2853 pedum
1202 2798 1270 2842 12.
1300 2799 1415 2842 Imo
1443 2799 1483 2841 81
1511 2800 1760 2853 quaedam
1781 2799 1886 2842 alia
1907 2799 2021 2842 sunt
2045 2799 2181 2842 infra
2206 2799 2342 2842 haec.
2371 2798 2470 2842 Ista

266 2892 396 2924 vero
418 2881 758 2925 subterranea
778 2893 904 2925 cum
925 2882 1035 2934 fint,
1063 2882 1148 2925 hic
1173 2893 1280 2926 non
1300 2883 1758 2937 repraesentantur,
1786 2885 1903 2926 utut
1928 2882 2106 2926 multis
2127 2882 2361 2926 constent
2381 2882 2472 2925 dis-

269 2964 738 3017 criminationibus‚
761 2965 802 3007 81
822 2965 875 3007 in
895 2965 1073 3008 varios
1092 2965 1214 3009 usus
1235 2965 1474 3009 ordinata
1499 2966 1608 3018 fint,
1632 2977 1752 3020 quae
1768 2965 1930 3009 etiam
1945 2965 2149 3020 magnis
2164 2965 2469 3020 sumptibus,

269 3048 310 3090 81
327 3059 460 3102 pene
476 3059 583 3091 non
596 3048 905 3100 minoribus,
929 3060 1091 3103 quam
1106 3048 1340 3103 superior
1353 3049 1547 3092 domus
1560 3061 1701 3104 pars,
1725 3061 1846 3103 quae
1859 3050 1997 3092 ultra
2010 3049 2187 3092 Terrae
2201 3047 2471 3103 planitiem

269 3133 429 3182 extat,
452 3142 515 3174 ac
538 3130 628 3174 sub
650 3132 737 3175 dio
758 3134 918 3186 patet,
941 3130 1183 3175 confecta
1203 3132 1331 3175 sunt.

340 3213 626 3268 Praecipuae
653 3226 781 3259 vero
812 3215 965 3271 hujus
993 3216 1184 3259 domus
1208 3215 1262 3258 in
1287 3215 1577 3259 meditullio
1604 3216 1713 3259 fitae
1742 3215 2035 3270 pleniorem
2061 3214 2470 3270 designationem

271 3296 311 3338 ἃ
337 3297 715 3351 expositionem
741 3310 880 3341 nunc
909 3298 1232 3354 subjungam,
1264 3310 1368 3353 quo
1397 3298 1578 3342 omnia
1603 3299 1771 3354 magis
1797 3299 2016 3342 discrete
2044 3300 2281 3353 pateant:
2313 3300 2471 3352 atque

2390 3383 2472 3435 ibi

2518 1143 2560 1178 lo

2517 1559 2559 1595 1⁵

2516 1974 2562 2010 20

2516 2389 2563 2424 25

2519 3221 2566 3256 35
