2638 3952
86 1217 129 1252 10

98 1443 127 1487 ÷

85 1604 127 1640 1⁵

82 1991 128 2027 20

82 2378 128 2413 25

84 3150 131 3185 35

389 298 999 353 ASTRONOMIAE
1026 296 1592 350 INSTAURATAE
1621 297 2170 350 MECHANICA
2312 299 2380 350 69

710 441 1257 505 EXPLICATIO
1287 442 1712 504 FABRICAE
1738 442 1853 503 ET

1157 542 1396 604 VSVS.

388 685 397 693 ·
467 692 488 722 η
638 671 675 713 Ε
695 669 756 725 ijs
777 668 1000 724 Organis
1019 667 1413 719 Astronomicis,
1436 679 1556 721 quae
1578 667 1889 711 Altitudines
1909 668 1949 711 ἃ
1970 668 2256 713 Azimutha
2277 670 2384 714 stel-

534 770 541 779 .
637 748 812 832 larum
831 745 983 789 vario
1003 745 1168 830 modo
1188 744 1465 798 rimantur,
1493 747 1608 788 tum
1629 755 1841 832 quoque
1865 745 1929 789 de
1955 745 2052 799 his,
2081 758 2201 800 quae
2227 747 2385 802 longi-

519 1016 595 1029 Ι
638 989 761 1032 quae
774 976 1196 1031 intercapedines
1212 976 1524 1029 scrutantur,
1543 976 1807 1020 rationem
1820 976 2134 1030 habeamus,
2151 978 2383 1033 &postea

285 1061 391 1081 *Q*-
398 1052 410 1073 ¹'
418 1029 586 1081 Μ’*Ψ
639 1054 706 1098 de
731 1053 995 1098 nonnullis
1022 1053 1134 1110 alijs
1161 1053 1370 1096 mixtim
1391 1065 1628 1109 agamus.
1658 1053 1928 1106 Quantum
1948 1066 2078 1099 vero
2099 1055 2169 1098 ad
2188 1054 2385 1099 Distan-

175 1131 277 1175 tias
300 1130 544 1191 Siderum
571 1131 775 1175 attinet:
805 1131 1096 1175 adornatus
1123 1130 1194 1175 est
1220 1143 1253 1174 a
1279 1130 1609 1185 quibusdam,
1638 1130 1990 1186 superioribus
2009 1132 2173 1176 Annis
2194 1132 2385 1177 Radius

176 1208 589 1261 Astronomicus,
617 1208 706 1263 qui
730 1219 826 1264 per
847 1208 896 1252 se
915 1207 1106 1252 habilis
1127 1207 1262 1260 satis,
1291 1208 1333 1250 ἃ
1361 1208 1429 1251 ad
1452 1208 1921 1263 transportandum
1946 1209 2187 1262 idoneus;
2217 1210 2386 1254 [imul-

178 1297 280 1341 que
308 1286 361 1330 in
390 1285 936 1330 Demonstrationibus
963 1285 1312 1329 Geometricis
1339 1284 1459 1329 satis
1486 1285 1805 1340 speculative
1830 1286 1927 1330 rite
1953 1286 2004 1330 se
2032 1286 2209 1331 habet.
2241 1288 2307 1331 At
2332 1288 2385 1332 in

176 1364 290 1419 ipsa
322 1362 490 1419 praxi,
525 1363 723 1418 suoque
754 1363 952 1407 recessu
985 1374 1092 1406 non
1123 1362 1351 1418 praestat,
1392 1363 1536 1418 quod
1567 1363 1620 1406 in
1652 1363 1857 1408 accessu
1888 1364 2179 1419 pollicetur.
2221 1365 2385 1420 quue

176 1441 336 1497 varijs
350 1441 417 1485 de
432 1440 632 1493 caussis,
656 1453 789 1496 quas
806 1441 892 1484 hic
907 1441 1180 1484 recensere
1195 1440 1526 1496 supersedeo:
1549 1440 1674 1484 alibi
1687 1440 1824 1485 forte
1838 1441 1904 1485 de
1916 1441 1995 1497 ijs,
2018 1442 2189 1496 deque
2203 1441 2233 1499 ij
2241 1443 2384 1486 sdem

176 1518 564 1571 emendatione,
593 1519 772 1573 quoad
797 1518 913 1562 fieri
938 1518 1102 1573 possit‚
1130 1517 1450 1562 sufficienter
1476 1516 1703 1562 acturus.
1736 1518 1952 1562 Interim
1978 1519 2044 1562 de
2071 1519 2384 1574 quibusdam

177 1596 289 1653 alijs
309 1596 395 1640 hic
417 1595 611 1648 dicam,
640 1608 761 1651 quae
782 1595 894 1639 usui
914 1596 1289 1648 accommoda,
1315 1596 1355 1638 ἃ
1380 1595 1750 1639 certitudinem
1769 1597 2072 1651 requisitam
2091 1597 2385 1652 praebentia

177 1686 209 1717 a
230 1685 317 1717 me
338 1673 637 1729 excogitata
657 1673 698 1716 ἃ
717 1673 770 1717 in
789 1674 883 1717 usu
903 1671 1159 1717 hactenus
1179 1673 1362 1717 habita
1384 1673 1512 1716 sunt.
1542 1672 1718 1728 thue
1743 1673 1978 1729 primum
1999 1674 2271 1729 quoddam
2293 1675 2386 1718 mi—

176 1762 334 1795 nores
364 1751 644 1795 Distantias
673 1751 810 1794 intra
840 1750 1220 1794 duodecimam
1249 1750 1440 1794 Circuli
1467 1754 1693 1806 partem,
1728 1751 1833 1795 five
1861 1763 2028 1794 unum
2056 1751 2150 1809 (uti
2169 1753 2384 1808 vocant)

178 1829 378 1884 lignum
399 1828 734 1884 suppeditans
753 1828 1005 1880 indicem;
1028 1828 1081 1871 id
1100 1829 1207 1872 tale
1227 1827 1314 1880 est,
1335 1831 1493 1883 prout
1511 1828 1681 1884 figura
1702 1827 1911 1884 appid'ta
1930 1829 2199 1873 monstrat.

248 1906 479 1950 Primum
505 1906 576 1950 est
600 1907 792 1962 Regula
818 1906 1047 1961 oblonga
1074 1906 1141 1949 ab
1163 1905 1198 1948 F
1218 1905 1471 1960 incipiens
1496 1906 1658 1960 usque
1684 1906 1737 1949 in
1761 1906 2164 1950 transversalem
2191 1908 2275 1950 BA
2300 1908 2386 1951 de-

178 1985 367 2028 sinens:
397 1984 545 2040 qu‘us
570 1984 840 2040 longitudo
868 1983 939 2027 est
961 1983 990 2026 4
1013 1982 1337 2027 cubitorum:
1368 1983 1649 2038 Habetque
1674 1983 1728 2026 in
1754 1982 1892 2028 dicto
1918 1984 2250 2028 transversali
2276 1986 2382 2029 duo

178 2061 426 2116 Cylindra
452 2062 604 2118 juxta
636 2062 680 2104 A
703 2062 744 2104 ἃ
771 2062 809 2104 Β
841 2060 1118 2116 aequaliter
1149 2073 1181 2103 a
1213 2060 1489 2104 communi
1514 2059 1759 2116 junctura
1792 2060 2053 2105 distantia:
2089 2074 2121 2104 a
2154 2073 2383 2116 quorum

178 2138 379 2182 Centris
405 2150 438 2182 a
462 2137 658 2194 puncto
685 2138 721 2181 F
747 2139 1012 2182 ducuntur
1036 2137 1252 2181 inferius
1279 2137 1387 2181 bini
1404 2138 1575 2181 Arcus
1601 2137 1682 2181 FC
1710 2137 1750 2180 ἃ
1777 2138 1883 2190 FD,
1913 2150 2142 2193 quorum
2169 2139 2385 2194 quilibet

176 2217 314 2259 ultra
340 2215 782 2270 aequidistantiam
808 2214 1017 2259 semissis
1036 2215 1143 2267 AB,
1172 2215 1240 2258 ab
1267 2214 1303 2257 F
1329 2214 1572 2269 utrinque
1598 2218 1911 2267 numeratae,
1941 2227 2062 2270 quae
2088 2227 2184 2270 per
2207 2216 2283 2259 KI
2307 2228 2384 2260 re-

176 2293 483 2348 praesentari
508 2293 689 2337 debuit
712 2293 852 2350 (licet
876 2293 1046 2348 figura
1071 2291 1124 2335 id
1149 2303 1257 2336 non
1283 2292 1404 2335 satis
1430 2292 1667 2349 insinuet)
1692 2291 1896 2335 initium
1922 2293 2305 2337 numerationis
2331 2294 2383 2337 in

178 2382 308 2414 arcu
334 2371 403 2414 IC
430 2371 534 2414 five
561 2371 663 2413 KD
691 2370 919 2422 exhibet,
948 2370 1282 2424 eandemque
1306 2369 1551 2424 utrinque
1578 2369 1879 2424 quindecim
1905 2369 2070 2414 efficit
2091 2370 2380 2415 Graduum.

206 1065 264 1082 Νι

179 2447 391 2502 Reliqua
416 2459 512 2503 per
537 2448 629 2491 CG
649 2434 690 2491 δέ
711 2448 835 2499 DH,
863 2447 1049 2502 hisque
1074 2447 1379 2491 intermixta
1406 2446 1550 2491 circa
1578 2447 1635 2499 L,
1663 2447 1705 2490 81
1732 2447 1982 2502 deinceps
2007 2448 2383 2502 repraesentata

176 2525 595 2580 interponuntur,
616 2525 1037 2581 contignationis,
1060 2536 1123 2568 ac
1145 2524 1474 2568 sustentaculi
1494 2524 1661 2580 gratia
1682 2525 1863 2568 addita
1884 2525 2012 2577 sunt,
2036 2528 2151 2568 tum
2172 2536 2382 2580 quoque

178 2606 411 2646 ornatus.
446 2603 686 2646 Innititur
712 2614 842 2646 vero
874 2603 978 2646 hoc
1009 2602 1417 2646 Instrumentum
1449 2601 1621 2646 fulcro
1648 2601 1801 2646 tereti
1830 2603 1871 2645 8ι
1900 2602 2083 2654 crasso,
2118 2602 2261 2657 quod
2289 2614 2384 2658 per

176 2679 215 2722 T
224 2679 357 2732 RSQ
383 2680 723 2724 monstratur:
752 2680 957 2724 habens
983 2680 1036 2723 in
1062 2679 1256 2730 medio,
1284 2679 1374 2723 ubi
1400 2679 1754 2734 aequilibrium
1781 2679 1867 2731 est,
1890 2679 2042 2735 juxta
2073 2680 2111 2722 E
2138 2679 2382 2724 foramen

179 2757 515 2811 quadratum,
537 2757 590 2801 in
604 2769 710 2812 quo
724 2758 816 2801 suo
830 2757 1000 2801 fulcro
1016 2758 1069 2800 in
1083 2757 1343 2811 quadrata
1358 2756 1520 2800 etiam
1535 2757 1796 2800 clavicula
1812 2757 2114 2812 imponitur.
2137 2756 2382 2801 Fulcrum

178 2846 307 2878 vero
337 2835 405 2878 fic
435 2835 485 2879 se
513 2835 699 2887 habet;
731 2838 788 2878 ut
810 2836 962 2891 juxta
990 2834 1023 2877 S
1045 2834 1086 2876 ἃ
1104 2833 1159 2886 Τ,
1189 2837 1305 2877 tum
1335 2844 1546 2888 quoque
1575 2833 1620 2886 Q
1641 2835 1683 2877 81
1704 2835 1741 2876 R
1770 2835 1866 2877 fint
1894 2834 2139 2878 rotundae
2168 2834 2382 2878 laminae

179 2912 383 2964 ferreae,
406 2924 527 2967 quae
546 2912 600 2955 in
620 2912 873 2956 substrato
893 2911 1046 2955 tereti
1060 2911 1325 2966 Cylindro,
1349 2910 1631 2966 spitamum
1652 2911 1721 2954 ad
1741 2911 2022 2954 minimum
2038 2911 2092 2954 in
2106 2911 2382 2955 Diametro

178 2989 423 3042 habente,
446 2989 797 3042 convolvitur,
818 2988 1067 3044 plumulis
1084 2999 1113 3031 e
1131 2991 1360 3042 quatuor
1378 2988 1617 3042 partibus
1635 2988 1893 3032 tenaciter
1911 2988 2094 3043 ipsum,
2117 2991 2174 3031 ut
2194 2989 2382 3043 quovis

178 3066 231 3109 in
251 3067 346 3110 situ
364 3066 521 3110 facile
541 3066 772 3110 subsistat
792 3065 1166 3110 sustinentibus.
1188 3064 1431 3108 Volvitur
1451 3068 1631 3108 autem
1657 3065 1760 3109 hac
1787 3066 1992 3109 ratione
2011 3065 2179 3120 ipsum
2200 3065 2383 3109 Instru-

180 3146 419 3187 mentum
446 3144 780 3188 solummodo
808 3143 1007 3187 sursum
1037 3146 1196 3197 atque
1226 3142 1486 3186 deorsum.
1518 3142 1572 3185 Si
1596 3153 1726 3186 vero
1756 3142 1826 3186 ad
1854 3143 1991 3186 latus
2019 3142 2381 3186 inclinandum

179 3221 263 3264 vel
292 3220 658 3264 reclinandum
687 3221 766 3273 fit;
797 3220 850 3263 id
877 3220 989 3272 fiet;
1020 3217 1384 3263 circumducto
1415 3219 1743 3263 semicirculo
1771 3219 1954 3271 ONM,
1986 3219 2027 3262 ἃ
2054 3219 2268 3263 firmata
2297 3231 2383 3263 co-

179 3297 388 3341 chleola
402 3298 554 3353 juxta
574 3297 636 3340 N.
659 3297 743 3341 Sic
765 3297 905 3341 enim
925 3309 1033 3340 una
1051 3299 1224 3340 totum
1241 3296 1289 3339 se
1303 3295 1460 3340 vertit
1475 3296 1898 3340 Instrumentum.
1921 3295 2085 3340 Potest
2105 3296 2266 3340 etiam
2287 3308 2383 3351 per

181 3375 425 3418 canalem
444 3374 541 3427 PV,
569 3374 655 3418 cui
680 3374 734 3418 in
758 3374 987 3418 rotundo
1014 3385 1115 3417 axe
1140 3372 1307 3425 instat,
1335 3372 1457 3416 hinc
1483 3373 1605 3416 inde
1628 3374 1681 3416 in
1702 3384 1887 3416 omnes
1908 3373 2036 3416 Coeli
2061 3376 2239 3427 partes
2260 3384 2381 3416 con-

2203 3452 2379 3504 volvi.
